@inproceedings{roussopoulos1995,
  author    = {Nick Roussopoulos and
               Stephen Kelley and
               Fr{\'{e}}d{\'{e}}ic Vincent},
  title     = {Nearest Neighbor Queries},
  booktitle = {Proceedings of the 1995 {ACM} {SIGMOD} International Conference on
               Management of Data, San Jose, California, May 22-25, 1995.},
  pages     = {71--79},
  year      = {1995},
  crossref  = {DBLP:conf/sigmod/95},
  url       = {http://doi.acm.org/10.1145/223784.223794},
  doi       = {10.1145/223784.223794},
  timestamp = {Tue, 07 Nov 2017 06:51:45 +0100},
  biburl    = {http://dblp.org/rec/bib/conf/sigmod/RoussopoulosKV95},
  bibsource = {dblp computer science bibliography, http://dblp.org}
}
@proceedings{DBLP:conf/sigmod/95,
  editor    = {Michael J. Carey and
               Donovan A. Schneider},
  title     = {Proceedings of the 1995 {ACM} {SIGMOD} International Conference on
               Management of Data, San Jose, California, May 22-25, 1995},
  publisher = {{ACM} Press},
  year      = {1995},
  timestamp = {Tue, 07 Nov 2017 06:51:45 +0100},
  biburl    = {http://dblp.org/rec/bib/conf/sigmod/95},
  bibsource = {dblp computer science bibliography, http://dblp.org}
}

@article{neto2013,
  author    = {Ajalmar R. da Rocha Neto and
               Guilherme A. Barreto},
  title     = {Opposite Maps: Vector Quantization Algorithms for Building Reduced-Set
               {SVM} and {LSSVM} Classifiers},
  journal   = {Neural Processing Letters},
  volume    = {37},
  number    = {1},
  pages     = {3--19},
  year      = {2013},
  url       = {https://doi.org/10.1007/s11063-012-9265-6},
  doi       = {10.1007/s11063-012-9265-6},
  timestamp = {Thu, 08 Jun 2017 08:58:53 +0200},
  biburl    = {http://dblp.uni-trier.de/rec/bib/journals/npl/NetoB13},
  bibsource = {dblp computer science bibliography, http://dblp.org}
}


@INPROCEEDINGS{pati1993, 
  author={Y. C. Pati and R. Rezaiifar and P. S. Krishnaprasad}, 
  booktitle={Proceedings of 27th Asilomar Conference on Signals, Systems and Computers}, 
  title={Orthogonal matching pursuit: recursive function approximation with applications to wavelet decomposition}, 
  year={1993}, 
  pages={40-44 vol.1}, 
  keywords={approximation theory;convergence of numerical methods;recursive estimation;signal representation;wavelet transforms;affine wavelet frames;backward orthogonality;convergence;matching pursuit algorithm;orthogonal matching pursuit;overcomplete dictionaries;recursive algorithm;recursive function approximation;signal representation;wavelet decomposition;Convergence;Dictionaries;Educational institutions;Function approximation;Information systems;Iterative algorithms;Laboratories;Matching pursuit algorithms;Pursuit algorithms;Zinc}, 
  doi={10.1109/ACSSC.1993.342465}, 
  ISSN={1058-6393}, 
  month={Nov},
}

@article{mackay1992b,
  title={Bayesian interpolation},
  author={MacKay, David JC},
  journal={Neural computation},
  volume={4},
  number={3},
  pages={415--447},
  year={1992},
  publisher={MIT Press}
}

@inproceedings{ dias2017,
  Author = {Dantas Dias, Madson Luiz and Rocha Neto, Nalsnar R.},
  Book-Group-Author = {{IEEE}},
  Title = {{Evolutionary Support Vector Machines: A Dual Approach}},
  Booktitle = {{2016 IEEE CONGRESS ON EVOLUTIONARY COMPUTATION (CEC)}},
  Series = {{IEEE Congress on Evolutionary Computation}},
  Year = {{2016}},
  Pages = {{2185-2192}},
  Note = {{IEEE Congress on Evolutionary Computation (CEC) held as part of IEEE
     World Congress on Computational Intelligence (IEEE WCCI), Vancouver,
     CANADA, JUL 24-29, 2016}},
  Organization = {{IEEE; IEEE Computat Intelligence Soc; Int Neural Network Soc;
     Evolutionary Programming Soc; IET; IEEE BigData Initiat; Gulf Univ Sci
     \& Technol}},
  ISBN = {{978-1-5090-0622-9}},
  Unique-ID = {{ISI:000390749102049}},
}

@inproceedings{ silva2014b,
  Author = {Silva, Danilo Avilar and Rocha Neto, Ajalmar Rego},
  Editor = {{Corchado, E and Lozano, JA and Quintian, H and Yin, H}},
  Title = {{Multi-Objective Genetic Algorithms for Sparse Least Square Support
     Vector Machines}},
  Booktitle = {{INTELLIGENT DATA ENGINEERING AND AUTOMATED LEARNING - IDEAL 2014}},
  Series = {{Lecture Notes in Computer Science}},
  Year = {{2014}},
  Volume = {{8669}},
  Pages = {{158-166}},
  Note = {{15th International Conference on Intelligent Data Engineering and
     Automated Learning (IDEAL), Salamanca, SPAIN, SEP 10-12, 2014}},
  Organization = {{IEEE Spain Sec; IEEE Syst Man \& Cybernet Soc Spanish Chapter; AEPIA;
     Univ Salamanca; RACE Project}},
  ISSN = {{0302-9743}},
  ISBN = {{978-3-319-10840-7; 978-3-319-10839-1}},
  Unique-ID = {{ISI:000345286100020}},
}

@inproceedings{ clifte2016,
  Author = {Vieira, David Clifte da S. and Rocha Neto, Ajalmar R. and Rodrigues,
     Antonio Wendell de O.},
  Book-Group-Author = {{IEEE}},
  Title = {{Sparse Least Squares Support Vector Regression via Multiresponse Sparse
     Regression}},
  Booktitle = {{2016 INTERNATIONAL JOINT CONFERENCE ON NEURAL NETWORKS (IJCNN)}},
  Series = {{IEEE International Joint Conference on Neural Networks (IJCNN)}},
  Year = {{2016}},
  Pages = {{3218-3225}},
  Note = {{International Joint Conference on Neural Networks (IJCNN), Vancouver,
     CANADA, JUL 24-29, 2016}},
  Organization = {{IEEE; IEEE Computat Intelligence Soc; Int Nueral Network Soc;
     Evolutionary Programming Soc; IET; IEEE BigData; Gulf Univ Sci \&
     Technol}},
  ISSN = {{2161-4393}},
  ISBN = {{978-1-5090-0619-9}},
  Unique-ID = {{ISI:000399925503057}},
}

@article{wipf2006bayesian,
  title={Bayesian methods for finding sparse representations},
  author={Wipf, David Paul},
  year={2006}
}

@article{wipf2007,
  author    = {David P. Wipf and
               Bhaskar D. Rao},
  title     = {An Empirical Bayesian Strategy for Solving the Simultaneous Sparse
               Approximation Problem},
  journal   = {{IEEE} Trans. Signal Processing},
  volume    = {55},
  number    = {7-2},
  pages     = {3704--3716},
  year      = {2007},
  url       = {https://doi.org/10.1109/TSP.2007.894265},
  doi       = {10.1109/TSP.2007.894265},
  timestamp = {Thu, 18 May 2017 09:55:21 +0200},
  biburl    = {http://dblp.uni-trier.de/rec/bib/journals/tsp/WipfR07},
  bibsource = {dblp computer science bibliography, http://dblp.org}
}

@article{ Alcin2015,
  Author = {Alcin, Omer and Sengur, Abdulkadir and Qian, Jiang and Ince, Melih},
  Title = {{OMP-ELM: Orthogonal Matching Pursuit-Based Extreme Learning Machine for
     Regression}},
  Journal = {{JOURNAL OF INTELLIGENT SYSTEMS}},
  Year = {{2015}},
  Volume = {{24}},
  Number = {{1}},
  Pages = {{135-143}},
  Month = {{MAR}},
  DOI = {{10.1515/jisys-2014-0095}},
  ISSN = {{0334-1860}},
  EISSN = {{2191-026X}},
  Unique-ID = {{ISI:000210737400009}},
}

@article{park1991,
  author    = {Jooyoung Park and
               Irwin W. Sandberg},
  title     = {Universal Approximation Using Radial-Basis-Function Networks},
  journal   = {Neural Computation},
  volume    = {3},
  number    = {2},
  pages     = {246--257},
  year      = {1991},
  url       = {https://doi.org/10.1162/neco.1991.3.2.246},
  doi       = {10.1162/neco.1991.3.2.246},
  timestamp = {Sun, 28 May 2017 13:18:59 +0200},
  biburl    = {http://dblp.uni-trier.de/rec/bib/journals/neco/ParkS91},
  bibsource = {dblp computer science bibliography, http://dblp.org}
}

@article{donoho2012,
  author    = {David L. Donoho and
               Yaakov Tsaig and
               Iddo Drori and
               Jean{-}Luc Starck},
  title     = {Sparse Solution of Underdetermined Systems of Linear Equations by
               Stagewise Orthogonal Matching Pursuit},
  journal   = {{IEEE} Trans. Information Theory},
  volume    = {58},
  number    = {2},
  pages     = {1094--1121},
  year      = {2012},
  url       = {https://doi.org/10.1109/TIT.2011.2173241},
  doi       = {10.1109/TIT.2011.2173241},
  timestamp = {Wed, 14 Jun 2017 20:31:04 +0200},
  biburl    = {http://dblp.uni-trier.de/rec/bib/journals/tit/DonohoTDS12},
  bibsource = {dblp computer science bibliography, http://dblp.org}
}

@article{tipping2001,
  author    = {Michael E. Tipping},
  title     = {Sparse Bayesian Learning and the Relevance Vector Machine},
  journal   = {Journal of Machine Learning Research},
  volume    = {1},
  pages     = {211--244},
  year      = {2001},
  url       = {http://www.ai.mit.edu/projects/jmlr/papers/volume1/tipping01a/abstract.html},
  timestamp = {Tue, 12 Feb 2002 16:24:17 +0100},
  biburl    = {http://dblp.uni-trier.de/rec/bib/journals/jmlr/Tipping01},
  bibsource = {dblp computer science bibliography, http://dblp.org}
}

@inproceedings{alencar2015,
  author    = {Alisson S. C. Alencar and
               Weslley L. Caldas and
               Jo{\~{a}}o Paulo Pordeus Gomes and
               Amauri H. de Souza and
               Paulo A. C. Aguilar and
               Cristiano Rodrigues and
               Wellington Franco and
               Miguel F. de Castro and
               Rossana M. C. Andrade},
  title     = {MLM-rank: {A} Ranking Algorithm Based on the Minimal Learning Machine},
  booktitle = {2015 Brazilian Conference on Intelligent Systems, {BRACIS} 2015, Natal,
               Brazil, November 4-7, 2015},
  pages     = {305--309},
  year      = {2015},
  crossref  = {DBLP:conf/bracis/2015},
  doi       = {10.1109/BRACIS.2015.39},
  timestamp = {Fri, 23 Dec 2016 17:00:17 +0100},
  biburl    = {http://dblp.uni-trier.de/rec/bib/conf/bracis/AlencarCGSARFCA15},
  bibsource = {dblp computer science bibliography, http://dblp.org}
}
@proceedings{DBLP:conf/bracis/2015,
  title     = {2015 Brazilian Conference on Intelligent Systems, {BRACIS} 2015, Natal,
               Brazil, November 4-7, 2015},
  publisher = {{IEEE}},
  year      = {2015},
  isbn      = {978-1-5090-0016-6},
  timestamp = {Fri, 23 Dec 2016 10:26:14 +0100},
  biburl    = {http://dblp.uni-trier.de/rec/bib/conf/bracis/2015},
  bibsource = {dblp computer science bibliography, http://dblp.org}
}
@inproceedings{coelho2014,
  author    = {David N. Coelho and
               Guilherme De A. Barreto and
               Cl{\'{a}}udio M. S. Medeiros and
               Jos{\'{e}} Daniel Alencar Santos},
  title     = {Performance comparison of classifiers in the detection of short circuit
               incipient fault in a three-phase induction motor},
  booktitle = {2014 {IEEE} Symposium on Computational Intelligence for Engineering
               Solutions, {CIES} 2014, Orlando, FL, USA, December 9-12, 2014},
  pages     = {42--48},
  year      = {2014},
  crossref  = {DBLP:conf/cies/2014},
  doi       = {10.1109/CIES.2014.7011829},
  timestamp = {Thu, 29 Jan 2015 13:40:24 +0100},
  biburl    = {http://dblp.uni-trier.de/rec/bib/conf/cies/CoelhoBMS14},
  bibsource = {dblp computer science bibliography, http://dblp.org}
}
@proceedings{DBLP:conf/cies/2014,
  title     = {2014 {IEEE} Symposium on Computational Intelligence for Engineering
               Solutions, {CIES} 2014, Orlando, FL, USA, December 9-12, 2014},
  publisher = {{IEEE}},
  year      = {2014},
  isbn      = {978-1-4799-4510-8},
  timestamp = {Thu, 29 Jan 2015 13:32:44 +0100},
  biburl    = {http://dblp.uni-trier.de/rec/bib/conf/cies/2014},
  bibsource = {dblp computer science bibliography, http://dblp.org}
}

@article{marinho2017,
  author    = {Leandro Balby Marinho and
               Jefferson S. Almeida and
               Jo{\~{a}}o Wellington M. Souza and
               Victor Hugo C. de Albuquerque and
               Pedro Pedrosa Rebou{\c{c}}as Filho},
  title     = {A novel mobile robot localization approach based on topological maps
               using classification with reject option in omnidirectional images},
  journal   = {Expert Syst. Appl.},
  volume    = {72},
  pages     = {1--17},
  year      = {2017},
  doi       = {10.1016/j.eswa.2016.12.007},
  timestamp = {Tue, 24 Jan 2017 17:33:12 +0100},
  biburl    = {http://dblp.uni-trier.de/rec/bib/journals/eswa/MarinhoASAF17},
  bibsource = {dblp computer science bibliography, http://dblp.org}
}

@Article{mesquita2017,
  author="Mesquita, Diego P. P.
  and Gomes, Jo{\~a}o P. P.
  and Souza Junior, Amauri H.",
  title="Ensemble of Efficient Minimal Learning Machines for Classification and Regression",
  journal="Neural Processing Letters",
  year="2017",
  pages="1--16",
  issn="1573-773X",
  doi="10.1007/s11063-017-9587-5"
}



@book{hochberg1987,
 author = {Hochberg, Y. and Tamhane, A. C.},
 title = {Multiple Comparison Procedures},
 year = {1987},
 isbn = {0-471-82222-1},
 publisher = {John Wiley \& Sons, Inc.},
 address = {New York, NY, USA},
} 

@article{mavroforakis2006,
  author    = {Michael E. Mavroforakis and
               Sergios Theodoridis},
  title     = {A geometric approach to Support Vector Machine {(SVM)} classification},
  journal   = {{IEEE} Trans. Neural Networks},
  volume    = {17},
  number    = {3},
  pages     = {671--682},
  year      = {2006},
  doi       = {10.1109/TNN.2006.873281},
  timestamp = {Mon, 21 Mar 2016 15:17:21 +0100},
  biburl    = {http://dblp.uni-trier.de/rec/bib/journals/tnn/MavroforakisT06},
  bibsource = {dblp computer science bibliography, http://dblp.org}
}

@inbook{benhur2010,
  author="Ben-Hur, Asa
  and Weston, Jason",
  editor="Carugo, Oliviero
  and Eisenhaber, Frank",
  title="A User's Guide to Support Vector Machines",
  bookTitle="Data Mining Techniques for the Life Sciences",
  year="2010",
  publisher="Humana Press",
  address="Totowa, NJ",
  pages="223--239",
  isbn="978-1-60327-241-4",
  doi="10.1007/978-1-60327-241-4_13",
}
@inproceedings{bennett2000,
  author    = {Kristin P. Bennett and
               Erin J. Bredensteiner},
  title     = {Duality and Geometry in {SVM} Classifiers},
  booktitle = {Proceedings of the Seventeenth International Conference on Machine
               Learning {(ICML} 2000), Stanford University, June
               29 - July 2},
  address   = {Stanford, CA, USA},
  pages     = {57--64},
  year      = {2000},
  crossref  = {DBLP:conf/icml/2000},
  timestamp = {Sun, 21 Feb 2010 20:54:50 +0100},
  biburl    = {http://dblp.uni-trier.de/rec/bib/conf/icml/BennettB00},
  bibsource = {dblp computer science bibliography, http://dblp.org}
}
@proceedings{DBLP:conf/icml/2000,
  editor    = {Pat Langley},
  title     = {Proceedings of the Seventeenth International Conference on Machine
               Learning {(ICML} 2000), Stanford University, Stanford, CA, USA, June
               29 - July 2, 2000},
  publisher = {Morgan Kaufmann},
  year      = {2000},
  isbn      = {1-55860-707-2},
  timestamp = {Sun, 21 Feb 2010 20:54:50 +0100},
  biburl    = {http://dblp.uni-trier.de/rec/bib/conf/icml/2000},
  bibsource = {dblp computer science bibliography, http://dblp.org}
}

@article{white1984,
  author = {Steve R. White},
  title = {Concepts of scale in simulated annealing},
  journal = {AIP Conference Proceedings},
  volume = {122},
  number = {1},
  pages = {261-270},
  year = {1984},
  doi = {10.1063/1.34823},
  eprint = {http://aip.scitation.org/doi/pdf/10.1063/1.34823}
}
@article{lundy1986,
  author    = {Miranda Lundy and
               Alistair I. Mees},
  title     = {Convergence of an annealing algorithm},
  journal   = {Math. Program.},
  volume    = {34},
  number    = {1},
  pages     = {111--124},
  year      = {1986},
  doi       = {10.1007/BF01582166},
  timestamp = {Thu, 07 May 2015 19:02:00 +0200},
  biburl    = {http://dblp.uni-trier.de/rec/bib/journals/mp/LundyM86},
  bibsource = {dblp computer science bibliography, http://dblp.org}
}
@article{laarhoven1992,
  author    = {Peter J. M. van Laarhoven and
               Emile H. L. Aarts and
               Jan Karel Lenstra},
  title     = {Job Shop Scheduling by Simulated Annealing},
  journal   = {Operations Research},
  volume    = {40},
  number    = {1},
  pages     = {113--125},
  year      = {1992},
  doi       = {10.1287/opre.40.1.113},
  timestamp = {Thu, 14 Apr 2016 19:40:46 +0200},
  biburl    = {http://dblp.uni-trier.de/rec/bib/journals/ior/LaarhovenAL92},
  bibsource = {dblp computer science bibliography, http://dblp.org}
}

@article{fisher1985,
  title={An applications oriented guide to Lagrangian relaxation},
  author={Fisher, Marshall L},
  journal={Interfaces},
  volume={15},
  number={2},
  pages={10--21},
  year={1985},
  publisher={INFORMS}
}

@article{zhou2002,
  author    = {Zhi{-}Hua Zhou and
               Jianxin Wu and
               Wei Tang},
  title     = {Ensembling neural networks: Many could be better than all},
  journal   = {Artif. Intell.},
  volume    = {137},
  number    = {1-2},
  pages     = {239--263},
  year      = {2002},
  doi       = {10.1016/S0004-3702(02)00190-X},
  timestamp = {Wed, 11 May 2005 14:49:45 +0200},
  biburl    = {http://dblp.uni-trier.de/rec/bib/journals/ai/ZhouWT02},
  bibsource = {dblp computer science bibliography, http://dblp.org}
}
@ARTICLE{wang2005, 
  author={H. Q. Wang and D. S. Huang and B. Wang}, 
  journal={Electronics Letters}, 
  title={Optimisation of radial basis function classifiers using simulated annealing algorithm for cancer classification}, 
  year={2005}, 
  volume={41}, 
  number={11}, 
  pages={630-632}, 
  keywords={biology computing;cancer;least mean squares methods;patient diagnosis;pattern classification;radial basis function networks;simulated annealing;support vector machines;Fisher discriminant analysis;cancer classification;gradient descent paradigms;least square support vector machine;linear least square;radial basis function classifiers;simulated annealing algorithm}, 
  doi={10.1049/el:20050373}, 
  ISSN={0013-5194}, 
  month={May}
}

@inproceedings{chen2006,
  author    = {Shih{-}Chieh Chen and
               Shih{-}Wei Lin and
               Tsung{-}Yuan Tseng and
               Hsin{-}Chin Lin},
  title     = {Optimization of Back-Propagation Network Using Simulated Annealing
               Approach},
  booktitle = {Proceedings of the {IEEE} International Conference on Systems, Man
               and Cybernetics, Taipei, Taiwan, October 8-11, 2006},
  pages     = {2819--2824},
  year      = {2006},
  crossref  = {DBLP:conf/smc/2006},
  doi       = {10.1109/ICSMC.2006.385301},
  timestamp = {Tue, 12 Mar 2013 10:56:49 +0100},
}
@proceedings{DBLP:conf/smc/2006,
  title     = {Proceedings of the {IEEE} International Conference on Systems, Man
               and Cybernetics},
  address   = {Taipei, Taiwan},
  month     = {October},
  publisher = {{IEEE}},
  year      = {2006},
  isbn      = {1-4244-0099-6},
  timestamp = {Tue, 12 Mar 2013 08:33:19 +0100},
  biburl    = {http://dblp.uni-trier.de/rec/bib/conf/smc/2006},
  bibsource = {dblp computer science bibliography, http://dblp.org}
}
@inproceedings{cervante2012,
  author    = {Liam Cervante and
               Bing Xue and
               Mengjie Zhang and
               Lin Shang},
  title     = {Binary particle swarm optimisation for feature selection: {A} filter
               based approach},
  booktitle = {Proceedings of the {IEEE} Congress on Evolutionary Computation, {CEC}
               2012, Brisbane, Australia, June 10-15, 2012},
  pages     = {1--8},
  year      = {2012},
  crossref  = {DBLP:conf/cec/2012},
  doi       = {10.1109/CEC.2012.6256452},
  timestamp = {Thu, 16 Aug 2012 12:02:06 +0200},
  biburl    = {http://dblp.uni-trier.de/rec/bib/conf/cec/CervanteXZS12},
  bibsource = {dblp computer science bibliography, http://dblp.org}
}
@proceedings{DBLP:conf/cec/2012,
  title     = {Proceedings of the {IEEE} Congress on Evolutionary Computation, {CEC}
               2012, Brisbane, Australia, June 10-15, 2012},
  publisher = {{IEEE}},
  year      = {2012},
  isbn      = {978-1-4673-1510-4},
  timestamp = {Thu, 16 Aug 2012 12:02:06 +0200},
  biburl    = {http://dblp.uni-trier.de/rec/bib/conf/cec/2012},
  bibsource = {dblp computer science bibliography, http://dblp.org}
}

@inproceedings{zhang2009,
  author    = {Qilong Zhang and
               Ganlin Shan and
               Xiusheng Duan and
               Zining Zhang},
  title     = {Parameters optimization of Support Vector Machine based on Simulated
               Annealing and Genetic Algorithm},
  booktitle = {{IEEE} International Conference on Robotics and Biomimetics, {ROBIO}
               2009, December 19-13, 2009, Guilin, Guangxi, China},
  pages     = {1302--1306},
  year      = {2009},
  crossref  = {DBLP:conf/robio/2009},
  doi       = {10.1109/ROBIO.2009.5420717},
  timestamp = {Mon, 03 Dec 2012 19:41:30 +0100},
  biburl    = {http://dblp.uni-trier.de/rec/bib/conf/robio/ZhangSDZ09},
  bibsource = {dblp computer science bibliography, http://dblp.org}
}
@proceedings{DBLP:conf/robio/2009,
  title     = {{IEEE} International Conference on Robotics and Biomimetics, {ROBIO}
               2009, December 19-13, 2009, Guilin, Guangxi, China},
  publisher = {{IEEE}},
  year      = {2009},
  isbn      = {978-1-4244-4774-9},
  timestamp = {Mon, 03 Dec 2012 17:03:16 +0100},
  biburl    = {http://dblp.uni-trier.de/rec/bib/conf/robio/2009},
  bibsource = {dblp computer science bibliography, http://dblp.org}
}

@article{lin2008,
  author    = {Shih{-}Wei Lin and
               Zne{-}Jung Lee and
               Shih{-}Chieh Chen and
               Tsung{-}Yuan Tseng},
  title     = {Parameter determination of support vector machine and feature selection
               using simulated annealing approach},
  journal   = {Appl. Soft Comput.},
  volume    = {8},
  number    = {4},
  pages     = {1505--1512},
  year      = {2008},
  doi       = {10.1016/j.asoc.2007.10.012},
  timestamp = {Thu, 14 May 2009 15:12:31 +0200},
  biburl    = {http://dblp.uni-trier.de/rec/bib/journals/asc/LinLCT08},
  bibsource = {dblp computer science bibliography, http://dblp.org}
}

@inproceedings{friedrichs2004,
  author    = {Frauke Friedrichs and
               Christian Igel},
  title     = {Evolutionary tuning of multiple {SVM} parameters},
  booktitle = {{ESANN} 2004, 12th European Symposium on Artificial Neural Networks,
               Bruges, Belgium, April 28-30, 2004, Proceedings},
  pages     = {519--524},
  year      = {2004},
  publisher = {ESANN},
  crossref  = {DBLP:conf/esann/2004},
  timestamp = {Tue, 29 Jul 2014 17:44:29 +0200},
  biburl    = {http://dblp.uni-trier.de/rec/bib/conf/esann/FriedrichsI04},
  bibsource = {dblp computer science bibliography, http://dblp.org}
}
@proceedings{DBLP:conf/esann/2004,
  title     = {{ESANN} 2004, 12th European Symposium on Artificial Neural Networks,
               Bruges, Belgium, April 28-30, 2004, Proceedings},
  year      = {2004},
  timestamp = {Tue, 29 Jul 2014 17:44:29 +0200},
  biburl    = {http://dblp.uni-trier.de/rec/bib/conf/esann/2004},
  bibsource = {dblp computer science bibliography, http://dblp.org}
}


@article{huang2006,
  author    = {Cheng{-}Lung Huang and
               Chieh{-}Jen Wang},
  title     = {A GA-based feature selection and parameters optimizationfor support
               vector machines},
  journal   = {Expert Syst. Appl.},
  volume    = {31},
  number    = {2},
  pages     = {231--240},
  year      = {2006},
  doi       = {10.1016/j.eswa.2005.09.024},
  timestamp = {Tue, 04 Jul 2006 09:36:47 +0200},
  biburl    = {http://dblp.uni-trier.de/rec/bib/journals/eswa/HuangW06},
  bibsource = {dblp computer science bibliography, http://dblp.org}
}

@inproceedings{frohlich2003,
  author    = {Holger Fr{\"{o}}hlich and
               Olivier Chapelle and
               Bernhard Sch{\"{o}}lkopf},
  title     = {Feature Selection for Support Vector Machines by Means of Genetic
               Algorithms},
  booktitle = {15th {IEEE} International Conference on Tools with Artificial Intelligence
               {(ICTAI} 2003), 3-5 November 2003, Sacramento, California, {USA}},
  pages     = {142--148},
  year      = {2003},
  crossref  = {DBLP:conf/ictai/2003},
  doi       = {10.1109/TAI.2003.1250182},
  timestamp = {Fri, 19 Dec 2014 14:04:05 +0100},
  biburl    = {http://dblp.uni-trier.de/rec/bib/conf/ictai/FrohlichCS03},
  bibsource = {dblp computer science bibliography, http://dblp.org}
}
@proceedings{DBLP:conf/ictai/2003,
  title     = {15th {IEEE} International Conference on Tools with Artificial Intelligence
               {(ICTAI} 2003), 3-5 November 2003, Sacramento, California, {USA}},
  publisher = {{IEEE} Computer Society},
  year      = {2003},
  isbn      = {0-7695-2038-3},
  timestamp = {Thu, 18 Dec 2014 16:57:40 +0100},
  biburl    = {http://dblp.uni-trier.de/rec/bib/conf/ictai/2003},
  bibsource = {dblp computer science bibliography, http://dblp.org}
}

@Inbook{devroye1996,
  author="Devroye, Luc
  and Gy{\"o}rfi, L{\'a}szl{\'o}
  and Lugosi, G{\'a}bor",
  title="Introduction",
  bookTitle="A Probabilistic Theory of Pattern Recognition",
  year="1996",
  publisher="Springer New York",
  address="New York, NY",
  pages="1--8",
  isbn="978-1-4612-0711-5",
  doi="10.1007/978-1-4612-0711-5_1",
}
@Book{steinwart2008,
   author={Steinwart, Ingo and Christmann, Andreas},
   title = {Support vector machines},
   publisher = {Springer},
   year = {2008},
   address = {New York, USA},
   isbn = {978-0-387-77242-4}
 }
@article{bennett1992,
  title={Robust linear programming discrimination of two linearly inseparable sets},
  author={Bennett, Kristin P and Mangasarian, Olvi L},
  journal={Optimization methods and software},
  volume={1},
  number={1},
  pages={23--34},
  year={1992},
  publisher={Taylor \& Francis}
}

@article{smith1968,
  author    = {Fred W. Smith},
  title     = {Pattern Classifier Design by Linear Programming},
  journal   = {{IEEE} Trans. Computers},
  volume    = {17},
  number    = {4},
  pages     = {367--372},
  year      = {1968},
  doi       = {10.1109/TC.1968.229395},
  timestamp = {Thu, 11 Aug 2016 14:54:00 +0200},
  biburl    = {http://dblp.uni-trier.de/rec/bib/journals/tc/Smith68a},
  bibsource = {dblp computer science bibliography, http://dblp.org}
}
homebrowsesearchabout


@article{cover1965,
  author    = {Thomas M. Cover},
  title     = {Geometrical and Statistical Properties of Systems of Linear Inequalities
               with Applications in Pattern Recognition},
  journal   = {{IEEE} Trans. Electronic Computers},
  volume    = {14},
  number    = {3},
  pages     = {326--334},
  year      = {1965},
  doi       = {10.1109/PGEC.1965.264137},
  timestamp = {Thu, 02 Jun 2016 20:29:58 +0200},
  biburl    = {http://dblp.uni-trier.de/rec/bib/journals/tc/Cover65},
  bibsource = {dblp computer science bibliography, http://dblp.org}
}

@book{vapnik1998,
  author    = {Vladimir Vapnik},
  title     = {Statistical learning theory},
  publisher = {Wiley},
  year      = {1998},
  isbn      = {978-0-471-03003-4},
  address   = {New York, USA}
}
@article{cortes1995,
  author    = {Corinna Cortes and
               Vladimir Vapnik},
  title     = {Support-Vector Networks},
  journal   = {Machine Learning},
  volume    = {20},
  number    = {3},
  pages     = {273--297},
  year      = {1995},
  doi       = {10.1007/BF00994018},
  timestamp = {Thu, 26 May 2011 15:25:06 +0200},
  biburl    = {http://dblp.uni-trier.de/rec/bib/journals/ml/CortesV95},
  bibsource = {dblp computer science bibliography, http://dblp.org}
}

@inproceedings{boser1992,
  author    = {Bernhard E. Boser and
               Isabelle Guyon and
               Vladimir Vapnik},
  title     = {A Training Algorithm for Optimal Margin Classifiers},
  booktitle = {Proceedings of the Fifth Annual {ACM} Conference on Computational
               Learning Theory, {COLT} 1992, Pittsburgh, PA, USA, July 27-29, 1992.},
  pages     = {144--152},
  year      = {1992},
  crossref  = {DBLP:conf/colt/1992},
  doi       = {10.1145/130385.130401},
  timestamp = {Fri, 23 Dec 2011 14:54:21 +0100},
  biburl    = {http://dblp.uni-trier.de/rec/bib/conf/colt/BoserGV92},
  bibsource = {dblp computer science bibliography, http://dblp.org}
}
@proceedings{DBLP:conf/colt/1992,
  editor    = {David Haussler},
  title     = {Proceedings of the Fifth Annual {ACM} Conference on Computational
               Learning Theory, {COLT} 1992, Pittsburgh, PA, USA, July 27-29, 1992},
  publisher = {{ACM}},
  year      = {1992},
  isbn      = {0-89791-497-X},
  timestamp = {Mon, 12 Dec 2011 15:03:15 +0100},
  biburl    = {http://dblp.uni-trier.de/rec/bib/conf/colt/1992},
  bibsource = {dblp computer science bibliography, http://dblp.org}
}


@article{vapnik1963,
    author = {Vapnik, V. and Lerner, A.},
    journal = {Automation and Remote Control},
    keywords = {kernels},
    priority = {2},
    title = {{Pattern Recognition using Generalized Portrait Method}},
    volume = {24},
    year = {1963}
}

@book{haykin2007,
 author = {Haykin, Simon},
 title = {Neural Networks: A Comprehensive Foundation (3rd Edition)},
 year = {2007},
 isbn = {0131471392},
 publisher = {Prentice-Hall, Inc.},
 address = {Upper Saddle River, NJ, USA},
}

@article{jain2000,
  author    = {Anil K. Jain and
               Robert P. W. Duin and
               Jianchang Mao},
  title     = {Statistical Pattern Recognition: {A} Review},
  journal   = {{IEEE} Trans. Pattern Anal. Mach. Intell.},
  volume    = {22},
  number    = {1},
  pages     = {4--37},
  year      = {2000},
  doi       = {10.1109/34.824819},
  timestamp = {Sat, 12 Mar 2016 09:04:06 +0100},
  biburl    = {http://dblp.uni-trier.de/rec/bib/journals/pami/JainDM00},
  bibsource = {dblp computer science bibliography, http://dblp.org}
}
@book{eiben2015,
  author    = {A. E. Eiben and
               James E. Smith},
  title     = {Introduction to Evolutionary Computing},
  series    = {Natural Computing Series},
  publisher = {Springer},
  year      = {2015},
  doi       = {10.1007/978-3-662-44874-8},
  isbn      = {978-3-662-44873-1},
  timestamp = {Fri, 03 Jul 2015 12:42:03 +0200},
  biburl    = {http://dblp.uni-trier.de/rec/bib/series/ncs/EibenS15},
  bibsource = {dblp computer science bibliography, http://dblp.org}
}

@inproceedings{duan2005,
  author    = {Kaibo Duan and
               S. Sathiya Keerthi},
  title     = {Which Is the Best Multiclass {SVM} Method? An Empirical Study},
  booktitle = {Multiple Classifier Systems, 6th International Workshop, {MCS} 2005,
               Seaside, CA, USA, June 13-15, 2005, Proceedings},
  pages     = {278--285},
  year      = {2005},
  crossref  = {DBLP:conf/mcs/2005},
  doi       = {10.1007/11494683_28},
  timestamp = {Tue, 20 Feb 2007 22:32:53 +0100},
  biburl    = {http://dblp.uni-trier.de/rec/bib/conf/mcs/DuanK05},
  bibsource = {dblp computer science bibliography, http://dblp.org}
}
@proceedings{DBLP:conf/mcs/2005,
  editor    = {Nikunj C. Oza and
               Robi Polikar and
               Josef Kittler and
               Fabio Roli},
  title     = {Multiple Classifier Systems, 6th International Workshop, {MCS} 2005,
               Seaside, CA, USA, June 13-15, 2005, Proceedings},
  series    = {Lecture Notes in Computer Science},
  volume    = {3541},
  publisher = {Springer},
  year      = {2005},
  isbn      = {3-540-26306-3},
  timestamp = {Mon, 06 Jun 2005 09:30:49 +0200},
  biburl    = {http://dblp.uni-trier.de/rec/bib/conf/mcs/2005},
  bibsource = {dblp computer science bibliography, http://dblp.org}
}


@article{wei2002,
  author    = {Chih{-}Wei Hsu and
               Chih{-}Jen Lin},
  title     = {A comparison of methods for multiclass support vector machines},
  journal   = {{IEEE} Trans. Neural Networks},
  volume    = {13},
  number    = {2},
  pages     = {415--425},
  year      = {2002},
  doi       = {10.1109/72.991427},
  timestamp = {Wed, 09 Mar 2016 15:41:01 +0100},
  biburl    = {http://dblp.uni-trier.de/rec/bib/journals/tnn/HsuL02},
  bibsource = {dblp computer science bibliography, http://dblp.org}
}

@book{bertsekas1996,
 author = {Bertsekas, Dimitri},
 title = {Constrained optimization and Lagrange multiplier methods},
 publisher = {Academic Press},
 year = {1982},
 address = {New York},
 isbn = {0-12-093480-9}
 }


@inproceedings{weston1998,
  author    = {Jason Weston and
               Chris Watkins},
  title     = {Support vector machines for multi-class pattern recognition},
  booktitle = {{ESANN} 1999, 7th European Symposium on Artificial Neural Networks,
               Bruges, Belgium, April 21-23, 1999, Proceedings},
  publisher = {ESANN},
  pages     = {219--224},
  year      = {1999},
  crossref  = {DBLP:conf/esann/1999},
  timestamp = {Tue, 29 Jul 2014 17:44:35 +0200},
  biburl    = {http://dblp.uni-trier.de/rec/bib/conf/esann/WestonW99},
  bibsource = {dblp computer science bibliography, http://dblp.org}
}
@proceedings{DBLP:conf/esann/1999,
  title     = {{ESANN} 1999, 7th European Symposium on Artificial Neural Networks, Proceedings},
  address   = {Bruges, Belgium},
  year      = {1999},
  month     = {April},
  timestamp = {Tue, 29 Jul 2014 17:44:35 +0200},
  biburl    = {http://dblp.uni-trier.de/rec/bib/conf/esann/1999},
  bibsource = {dblp computer science bibliography, http://dblp.org}
}



@article{aiolli2005,
  author    = {Fabio Aiolli and
               Alessandro Sperduti},
  title     = {Multiclass Classification with Multi-Prototype Support Vector Machines},
  journal   = {Journal of Machine Learning Research},
  volume    = {6},
  pages     = {817--850},
  year      = {2005},
  timestamp = {Wed, 21 Feb 2007 09:15:37 +0100},
  biburl    = {http://dblp.uni-trier.de/rec/bib/journals/jmlr/AiolliS05},
  bibsource = {dblp computer science bibliography, http://dblp.org}
}

@article{crammer2001,
  author    = {Koby Crammer and
               Yoram Singer},
  title     = {On the Algorithmic Implementation of Multiclass Kernel-based Vector
               Machines},
  journal   = {Journal of Machine Learning Research},
  volume    = {2},
  pages     = {265--292},
  year      = {2001},
  timestamp = {Thu, 05 Feb 2004 13:38:32 +0100},
  biburl    = {http://dblp.uni-trier.de/rec/bib/journals/jmlr/CrammerS01},
  bibsource = {dblp computer science bibliography, http://dblp.org}
}

@inproceedings{drucker1997,
  author    = {Harris Drucker and
               Christopher J. C. Burges and
               Linda Kaufman and
               Alexander J. Smola and
               Vladimir Vapnik},
  title     = {Support Vector Regression Machines},
  booktitle = {Advances in Neural Information Processing Systems 9, NIPS, Denver,
               CO, USA, December 2-5, 1996},
  pages     = {155--161},
  year      = {1996},
  crossref  = {DBLP:conf/nips/1996N},
  timestamp = {Thu, 07 May 2015 20:04:44 +0200},
  biburl    = {http://dblp.uni-trier.de/rec/bib/conf/nips/DruckerBKSV96},
  bibsource = {dblp computer science bibliography, http://dblp.org}
}
url       = {http://papers.nips.cc/paper/1238-support-vector-regression-machines},
@proceedings{DBLP:conf/nips/1996N,
  editor    = {Michael Mozer and
               Michael I. Jordan and
               Thomas Petsche},
  title     = {Advances in Neural Information Processing Systems 9, NIPS, Denver,
               CO, USA, December 2-5, 1996},
  publisher = {{MIT} Press},
  year      = {1997},
  timestamp = {Thu, 11 Dec 2014 17:34:08 +0100},
  biburl    = {http://dblp.uni-trier.de/rec/bib/conf/nips/1996N},
  bibsource = {dblp computer science bibliography, http://dblp.org}
}




@book{rozenberg2011,
  editor    = {Grzegorz Rozenberg and
               Thomas B{\"{a}}ck and
               Joost N. Kok},
  title     = {Handbook of Natural Computing},
  publisher = {Springer},
  year      = {2012},
  doi       = {10.1007/978-3-540-92910-9},
  isbn      = {978-3-540-92909-3},
  timestamp = {Mon, 22 Jul 2013 13:10:00 +0200},
  biburl    = {http://dblp.uni-trier.de/rec/bib/reference/nc/2012},
  bibsource = {dblp computer science bibliography, http://dblp.org}
}

@book{burke2014,
   title =     {Search Methodologies: Introductory Tutorials in Optimization and Decision Support Techniques},
   author =    {Edmund K. Burke and Graham Kendall},
   publisher = {Springer US},
   address="Boston, MA",
   isbn =      {978-1-4614-6939-1,978-1-4614-6940-7},
   year =      {2014},
   edition =   {2},
   doi={10.1007/978-1-4614-6940-7},
}

@article{paiva2016,
  author    = {Jonatas Lopes de Paiva and
               Claudio Fabiano Motta Toledo and
               H{\'{e}}lio Pedrini},
  title     = {An approach based on hybrid genetic algorithm applied to image denoising
               problem},
  journal   = {Appl. Soft Comput.},
  volume    = {46},
  pages     = {778--791},
  year      = {2016},
  doi       = {10.1016/j.asoc.2015.09.013},
  timestamp = {Wed, 06 Jul 2016 20:26:35 +0200},
  biburl    = {http://dblp.uni-trier.de/rec/bib/journals/asc/PaivaTP16},
  bibsource = {dblp computer science bibliography, http://dblp.org}
}
@article{xue2014,
  author    = {Xiaowei Xue and
               Min Yao and
               Zhaohui Wu and
               Jianhua Yang},
  title     = {Genetic ensemble of extreme learning machine},
  journal   = {Neurocomputing},
  volume    = {129},
  pages     = {175--184},
  year      = {2014},
  doi       = {10.1016/j.neucom.2013.09.042},
  timestamp = {Thu, 06 Mar 2014 19:22:51 +0100},
  biburl    = {http://dblp.uni-trier.de/rec/bib/journals/ijon/XueYWY14},
  bibsource = {dblp computer science bibliography, http://dblp.org}
}

@article{wang2013,
  author    = {Dianhui Wang and
               Monther Alhamdoosh},
  title     = {Evolutionary extreme learning machine ensembles with size control},
  journal   = {Neurocomputing},
  volume    = {102},
  pages     = {98--110},
  year      = {2013},  
  doi       = {10.1016/j.neucom.2011.12.046},
  timestamp = {Sun, 02 Dec 2012 11:26:00 +0100},
  biburl    = {http://dblp.uni-trier.de/rec/bib/journals/ijon/WangA13},
  bibsource = {dblp computer science bibliography, http://dblp.org}
}
@article{yang2013,
  author    = {Hongming Yang and
               Jun Yi and
               Jun Hua Zhao and
               Zhao Yang Dong},
  title     = {Extreme learning machine based genetic algorithm and its application
               in power system economic dispatch},
  journal   = {Neurocomputing},
  volume    = {102},
  pages     = {154--162},
  year      = {2013},
  doi       = {10.1016/j.neucom.2011.12.054},
  timestamp = {Sun, 02 Dec 2012 11:26:00 +0100},
  biburl    = {http://dblp.uni-trier.de/rec/bib/journals/ijon/YangYZD13},
  bibsource = {dblp computer science bibliography, http://dblp.org}
}


@book{sivanandam2007,
  author    = {S. N. Sivanandam and
               S. N. Deepa},
  title     = {Introduction to genetic algorithms},
  publisher = {Springer},
  year      = {2008},
  timestamp = {Thu, 10 Feb 2011 14:03:18 +0100},
  biburl    = {http://dblp.uni-trier.de/rec/bib/books/daglib/0019871},
  bibsource = {dblp computer science bibliography, http://dblp.org},
  address   = {New York, USA}
}

%isbn =      {354073189X,9783540731894},

@article{lecun2010,
  author = {LeCun, Yann and Cortes, Corinna},
  groups = {public},
  howpublished = {http://yann.lecun.com/exdb/mnist/},
  keywords = {MSc _checked character_recognition mnist network neural},
  title = {{MNIST} handwritten digit database},
  username = {mhwombat},
  year = 2010
}

@phdthesis{rocha2011,
  title={SINPATCO II: Novas Estrat{\'e}gias de Aprendizado de M{\'a}quinas para Classifica{\c{c}}{\~a}o de Patologias da Coluna Vertebral},
  author={Ajalmar R. da Rocha{ }Neto},
  year={2011},
  school={Tese (Doutorado)--Departamento de Engenharia de Teleinform{\'a}tica, Universidade Federal do Cear{\'a}}
}



@book{man2012,
  title={Genetic algorithms: Concepts and designs},
  author={Man, Kim-Fung and Tang, Kit Sang and Kwong, Sam},
  year={2012},
  publisher={Springer Science \& Business Media}
}

@article{silva2015a,
  author    = {Danilo Avilar Silva and
               Juliana Peixoto Silva and
               Ajalmar R{\^{e}}go Rocha{ }Neto},
  title     = {Novel approaches using evolutionary computation for sparse least square
               support vector machines},
  journal   = {Neurocomputing},
  volume    = {168},
  pages     = {908--916},
  year      = {2015},
  doi       = {10.1016/j.neucom.2015.05.034},
  timestamp = {Fri, 31 Jul 2015 08:34:46 +0200},
  biburl    = {http://dblp.uni-trier.de/rec/bib/journals/ijon/SilvaSN15},
  bibsource = {dblp computer science bibliography, http://dblp.org}
}

@article{ajalmar2013,
  author    = {Ajalmar R. da Rocha{ }Neto and
               Guilherme A. Barreto},
  title     = {Opposite Maps: Vector Quantization Algorithms for Building Reduced-Set
               {SVM} and {LSSVM} Classifiers},
  journal   = {Neural Processing Letters},
  volume    = {37},
  number    = {1},
  pages     = {3--19},
  year      = {2013},
  doi       = {10.1007/s11063-012-9265-6},
  timestamp = {Sat, 04 Jan 2014 14:38:05 +0100},
  biburl    = {http://dblp.uni-trier.de/rec/bib/journals/npl/NetoB13},
  bibsource = {dblp computer science bibliography, http://dblp.org}
}

@inproceedings{sousa2015,
  title={M{\'a}quinas de Vetores-Suporte de M{\'i}nimos Quadrados Esparsas via Recozimento Simulado},
  author={L. S. de{ }Sousa and M. L. D. Dias and A. R. Rocha{ }Neto},
  booktitle={Simp{\'o}sio Brasileiro de Automação Inteligente (SBAI)},
  year={2015},
  address={Rio Grande do Norte, Brasil},
  month={October},
  publisher = {SBA},
  doi = {10.13140/RG.2.1.3913.6726},
}

@inproceedings{alencar2014,
  title={Uma abordagem de poda para m{\'a}quinas de aprendizado extremo via algoritmos gen{\'e}ticos },
  author={A. S. C. Alencar and A. R. Rocha{ }Neto},
  booktitle={Simp{\'o}sio Brasileiro de Automação Inteligente (SBAI)},
  year={2014},
  address={Rio Grande do Norte, Brasil},
  month={October},
  publisher = {SBA},
}

% ------------------------------------------------------------------------------------------------------
% Aprendizagem estatística
% ------------------------------------------------------------------------------------------------------
@book{friedman2001,
  address = {New York, NY, USA},
  author = {Hastie, Trevor and Tibshirani, Robert and Friedman, Jerome},
  biburl = {http://goo.gl/1hI9of},
  interhash = {d585aea274f2b9b228fc1629bc273644},
  intrahash = {f58afc5c9793fcc8ad8389824e57984c},
  keywords = {ml statistics},
  publisher = {Springer New York Inc.},
  series = {Springer Series in Statistics},
  timestamp = {2008-05-16T16:17:43.000+0200},
  title = {The Elements of Statistical Learning},
  year = 2001
}
% ------------------------------------------------------------------------------------------------------
% Latex
% ------------------------------------------------------------------------------------------------------
@book{gratzer2014,
  title={Practical LaTeX},
  author={Gr{\"a}tzer, George},
  year={2014},
  publisher={Springer}
}
% ------------------------------------------------------------------------------------------------------
% Metaheurísticas
% ------------------------------------------------------------------------------------------------------
%
% Livros
% ------
@book{corne2000,
  title={Telecommunications Optimization: Heuristic and Adaptive Computation Techniques},
  author={Corne, David W and Smith, George and Oates, Martin},
  year={2000},
  publisher={John Wiley \& Sons, Inc.}
}
@book{michalewicz2013,
  title={How to solve it: modern heuristics},
  author={Michalewicz, Zbigniew and Fogel, David B},
  year={2013},
  address = {La Jolla, CA},
  publisher={Springer Science \& Business Media}
}

@inbook{michalewicz2004,
  author="Michalewicz, Zbigniew
  and Fogel, David B.",
  title="Escaping Local Optima",
  bookTitle="How to Solve It: Modern Heuristics",
  year="2004",
  publisher="Springer Berlin Heidelberg",
  address="Berlin, Heidelberg",
  pages="115--134",
  isbn="978-3-662-07807-5",
  doi="10.1007/978-3-662-07807-5_6",
}



@article{marti2000,
  title={Computing Tools for Modeling, Optimization and Simulation},
  author={Mart{\'\i}, R and Louren{\c{c}}o, H and Laguna, M and Laguna, M and Velaverde, JLG},
  journal={Computing Tools for Modeling: Optimization and Simulation},
  year={2000},
  publisher={Kluwer Academia Publishers}
}
@book{srinivas1994a,
  title={Essays and surveys in metaheuristics},
  author={Ribeiro, Celso C and Hansen, Pierre},
  volume={15},
  year={2012},
  publisher={Springer Science \& Business Media}
}
@book{laguna2012,
  title={Scatter search: methodology and implementations in C},
  author={Laguna, Manuel and Marti, Rafael},
  volume={24},
  year={2012},
  publisher={Springer Science \& Business Media}
}
@book{gendreau2010,
   author = {Gendreau, Michel and Potvin, Jean-Yves},
   title = {Handbook of Metaheuristics},
   year = {2010},
   isbn = {1441916636, 9781441916631},
   edition = {2nd},
   publisher = {Springer Publishing Company, Incorporated},
   address = {New York, USA},
}
@book{luke2013,
  author = { Sean Luke },
  title = { Essentials of Metaheuristics},
  edition = { second },
  year = { 2013 },
  publisher = { Lulu },
  note = { Available for free at http://goo.gl/mqgF6k },
  address = {4400 University Dr, Fairfax, VA 22030, United States}
}

% Artigos
% -------
@article{vega2003,
  title={Metaheur{\'\i}sticas: Una visi{\'o}n global},
  author={Vega, Jos{\'e} Marcos Moreno and Batista, Mar{\'\i}a Bel{\'e}n Meli{\'a}n and P{\'e}rez, Jos{\'e} Andr{\'e}s Moreno},
  journal={Inteligencia artificial: Revista Iberoamericana de Inteligencia Artificial},
  volume={7},
  number={19},
  pages={7--28},
  year={2003},
  publisher={Asociaci{\'o}n Espa{\~n}ola para la Inteligencia Artificial (AEPIA)}
}
@article{sucupira2004,
  title={M{\'e}todos heur{\'\i}sticos gen{\'e}ricos: metaheur{\'\i}sticas e hiper-heur{\'\i}sticas},
  author={Sucupira, Igor Ribeiro},
  journal={USP: S{\~a}o Paulo},
  year={2004}
}
% Recozimento Simulado
% --------------------
@phdthesis{martins2007,
  title={Estudo do Recozimento Simulado e do Pol{\'\i}gono de Obstru{\c{c}}{\~a}o Aplicados ao Problema de Empacotamento Rotacional de Pol{\'\i}gonos Irregulares N{\~a}o-Convexos em Recipientes Fechados},
  author={Martins, T},
  year={2007},
  school={PhD thesis, Escola Polit{\'e}cnica da Universidade de S{\~a}o Paulo}
}
@inproceedings{mitra1985,
  title={Convergence and finite-time behavior of simulated annealing},
  author={Mitra, Debasis and Romeo, Fabio and Sangiovanni-Vincentelli, Alberto},
  booktitle={Decision and Control, 1985 24th IEEE Conference on},
  pages={761--767},
  year={1985},
  organization={IEEE}
}
@article{ben2004,
  author    = {Walid Ben{-}Ameur},
  title     = {Computing the Initial Temperature of Simulated Annealing},
  journal   = {Comp. Opt. and Appl.},
  volume    = {29},
  number    = {3},
  pages     = {369--385},
  year      = {2004},
  doi       = {10.1023/B:COAP.0000044187.23143.bd},
  timestamp = {Thu, 06 Sep 2012 12:28:17 +0200},
  biburl    = {http://dblp.uni-trier.de/rec/bib/journals/coap/Ben-Ameur04},
  bibsource = {dblp computer science bibliography, http://dblp.org}
}

@article{johnson1989,
  author    = {David S. Johnson and
               Cecilia R. Aragon and
               Lyle A. McGeoch and
               Catherine Schevon},
  title     = {Optimization by Simulated Annealing: An Experimental Evaluation; Part
               I, Graph Partitioning},
  journal   = {Operations Research},
  volume    = {37},
  number    = {6},
  pages     = {865--892},
  year      = {1989},
  doi       = {10.1287/opre.37.6.865},
  timestamp = {Sat, 16 Apr 2016 16:19:34 +0200},
  biburl    = {http://dblp.uni-trier.de/rec/bib/journals/ior/JohnsonAMS89},
  bibsource = {dblp computer science bibliography, http://dblp.org}
}

@article{johnson1991,
  author    = {David S. Johnson and
               Cecilia R. Aragon and
               Lyle A. McGeoch and
               Catherine Schevon},
  title     = {Optimization by Simulated Annealing: An Experimental Evaluation; Part
               II, Graph Coloring and Number Partitioning},
  journal   = {Operations Research},
  volume    = {39},
  number    = {3},
  pages     = {378--406},
  year      = {1991},
  doi       = {10.1287/opre.39.3.378},
  timestamp = {Wed, 13 Apr 2016 20:33:12 +0200},
  biburl    = {http://dblp.uni-trier.de/rec/bib/journals/ior/JohnsonAMS91},
  bibsource = {dblp computer science bibliography, http://dblp.org}
}

@article{ingber1993,
  title={Simulated annealing: Practice versus theory},
  author={Ingber, Lester},
  journal={Mathematical and computer modelling},
  volume={18},
  number={11},
  pages={29--57},
  year={1993},
  publisher={Elsevier}
}
@article{cohn1999,
  author    = {Harry Cohn and
               Mark Fielding},
  title     = {Simulated Annealing: Searching for an Optimal Temperature Schedule},
  journal   = {{SIAM} Journal on Optimization},
  volume    = {9},
  number    = {3},
  pages     = {779--802},
  year      = {1999},
  doi       = {10.1137/S1052623497329683},
  timestamp = {Tue, 28 Jul 2015 16:59:01 +0200},
  biburl    = {http://dblp.uni-trier.de/rec/bib/journals/siamjo/CohnF99},
  bibsource = {dblp computer science bibliography, http://dblp.org}
}
@article{vecchi1983,
  author    = {Mario P. Vecchi and
               Scott Kirkpatrick},
  title     = {Global Wiring by Simulated Annealing},
  journal   = {{IEEE} Trans. on {CAD} of Integrated Circuits and Systems},
  volume    = {2},
  number    = {4},
  pages     = {215--222},
  year      = {1983},
  doi       = {10.1109/TCAD.1983.1270039},
  timestamp = {Wed, 26 Oct 2011 18:39:42 +0200},
  biburl    = {http://dblp.uni-trier.de/rec/bib/journals/tcad/VecchiK83},
  bibsource = {dblp computer science bibliography, http://dblp.org}
}

@article{aarts1988,
  title={A quantitative analysis of the simulated annealing algorithm: A case study for the traveling salesman problem},
  author={Aarts, Emile HL and Korst, Jan HM and van Laarhoven, Peter JM},
  journal={Journal of Statistical Physics},
  volume={50},
  number={1-2},
  pages={187--206},
  year={1988},
  publisher={Springer}
}
@article{aarts1989,
  title={Boltzmann machines for travelling salesman problems},
  author={Aarts, Emile HL and Korst, Jan HM},
  journal={European Journal of Operational Research},
  volume={39},
  number={1},
  pages={79--95},
  year={1989},
  publisher={Elsevier}
}
@Inbook{laarhoven1987,
  author="van Laarhoven, Peter J. M.
  and Aarts, Emile H. L.",
  title="Simulated annealing",
  bookTitle="Simulated Annealing: Theory and Applications",
  year="1987",
  publisher="Springer Netherlands",
  address="Dordrecht",
  pages="7--15",
  isbn="978-94-015-7744-1",
  doi="10.1007/978-94-015-7744-1_2",
}


@article{eglese1990,
  title={Simulated annealing: a tool for operational research},
  author={Eglese, RW},
  journal={European journal of operational research},
  volume={46},
  number={3},
  pages={271--281},
  year={1990},
  publisher={Elsevier}
}
@article{kirkpatrick1983,
  author = {Kirkpatrick, S. and Gelatt, C. D. and Vecchi, M. P.},
  biburl = {http://www.bibsonomy.org/bibtex/29ba1c0e7e15e7686aaddc5161249c973/lopusz},
  copyright = {Copyright © 1983 American Association for the Advancement of Science},
  description = {JSTOR: Science, New Series, Vol. 220, No. 4598 (May 13, 1983), pp. 671-680},
  doi = {10.1126/science.220.4598.671},
  interhash = {b1a283999e322021aa344033c34e6615},
  intrahash = {9ba1c0e7e15e7686aaddc5161249c973},
  issn = {00368075},
  journal = {Science},
  keywords = {MonteCarlo geometry_optimization},
  number = {4598},
  pages = {671--680},
  publisher = {American Association for the Advancement of Science},
  series = {New Series},
  timestamp = {2011-10-17T03:43:10.000+0200},
  title = {Optimization by Simulated Annealing},
  volume = {220},
  year = {1983}
}
@article{vcerny1985,
  title={Thermodynamical approach to the traveling salesman problem: An efficient simulation algorithm},
  author={{\v{C}}ern{\`y}, Vladim{\'\i}r},
  journal={Journal of optimization theory and applications},
  volume={45},
  number={1},
  pages={41--51},
  year={1985},
  publisher={Springer}
}
@article{metropolis1953,
  title={Equation of state calculations by fast computing machines},
  author={Metropolis, Nicholas and Rosenbluth, Arianna W and Rosenbluth, Marshall N and Teller, Augusta H and Teller, Edward},
  journal={The journal of chemical physics},
  volume={21},
  number={6},
  pages={1087--1092},
  year={1953},
  publisher={AIP Publishing}
}
@article{metropolis1949,
  title={The monte carlo method},
  author={Metropolis, Nicholas and Ulam, Stanislaw},
  journal={Journal of the American statistical association},
  volume={44},
  number={247},
  pages={335--341},
  year={1949},
  publisher={Taylor \& Francis Group}
}
% Algorítmos Genéticos
% --------------------
@article{darwin1859,
  title={On the origins of species by means of natural selection},
  author={Darwin, Charles},
  journal={London: Murray},
  volume={247},
  year={1859}
}
@article{goldberg1988,
  author    = {David E. Goldberg and
               John H. Holland},
  title     = {Genetic Algorithms and Machine Learning},
  journal   = {Machine Learning},
  volume    = {3},
  pages     = {95--99},
  year      = {1988},
  timestamp = {Thu, 03 Jan 2002 12:25:47 +0100},
  biburl    = {http://dblp.uni-trier.de/rec/bib/journals/ml/GoldbergH88},
  bibsource = {dblp computer science bibliography, http://dblp.org}
}




@book{holland1975,
  title = {Adaptation in Natural and Artificial Systems: An Introductory Analysis with Applications to Biology, Control and Artificial Intelligence},
  author={Holland, John H.},
  year={1975},
  publisher={University of Michigan Press},
  address = {Ann Arbor, Michigan, USA}
}
@article{whitley1994,
  title={A genetic algorithm tutorial},
  author={Whitley, Darrell},
  journal={Statistics and computing},
  volume={4},
  number={2},
  pages={65--85},
  year={1994},
  publisher={Springer}
}
@article{srinivas1994b,
  author    = {M. Srinivas and
               Lalit M. Patnaik},
  title     = {Genetic Algorithms: {A} Survey},
  journal   = {{IEEE} Computer},
  volume    = {27},
  number    = {6},
  pages     = {17--26},
  year      = {1994},
  doi       = {10.1109/2.294849},
  timestamp = {Wed, 16 Dec 2015 10:09:42 +0100},
  biburl    = {http://dblp.uni-trier.de/rec/bib/journals/computer/SrinivasP94},
  bibsource = {dblp computer science bibliography, http://dblp.org}
}

@book{mitchell1998,
  author = {Mitchell, Melanie},
  title = {An Introduction to Genetic Algorithms},
  year = {1998},
  isbn = {0262631857},
  publisher = {MIT Press},
  address = {Cambridge, MA, USA},
}
@article{aggarwal2014,
  title={A review paper on different encoding schemes used in genetic algorithms},
  author={Aggarwal, Shaifali and Garg, Richa and Goswami, P},
  journal={International Journal of Advanced Research in Computer Science and Software Engineering},
  volume={4},
  number={1},
  pages={596--600},
  year={2014}
}
@article{schraudolph1992,
  title={Dynamic parameter encoding for genetic algorithms},
  author={Schraudolph, Nicol N and Belew, Richard K},
  journal={Machine learning},
  volume={9},
  number={1},
  pages={9--21},
  year={1992},
  publisher={Springer}
}
@article{beasley1993a,
  title={An overview of genetic algorithms: Part 1. Fundamentals},
  author={Beasley, David and Martin, RR and Bull, DR},
  journal={University computing},
  volume={15},
  pages={58--58},
  year={1993},
  publisher={WHURR PUBLISHERS}
}

@article{beasley1993b,
  title={An overview of genetic algorithms: Part 2, research topics},
  author={Beasley, David and Bull, David R and Martin, Ralph R and others},
  journal={University computing},
  volume={15},
  number={4},
  pages={170--181},
  year={1993}
}
@book{goldberg1989,
  title =     {Genetic Algorithms in Search, Optimization, and Machine Learning},
  author =    {David E. Goldberg},
  publisher = {Addison-Wesley Professional},
  isbn =      {0201157675,9780201157673},
  year =      {1989},
  edition =   {1}
}
% Crossover
@book{michalewicz1996a,
 author = {Michalewicz, Zbigniew},
 title = {Genetic Algorithms + Data Structures = Evolution Programs (3rd Ed.)},
 year = {1996},
 isbn = {3-540-60676-9},
 publisher = {Springer-Verlag},
 address = {London, UK, UK},
} 
% Restrições
@inproceedings{michalewicz1995a,
  title={Genetic algorithms, numerical optimization, and constraints},
  author={Michalewicz, Zbigniew},
  booktitle={Proceedings of the sixth international conference on genetic algorithms},
  volume={195},
  pages={151--158},
  year={1995},
  publisher = {Morgan Kaufmann Publishers Inc.},
  address = {San Francisco, CA, USA}
  
}
@article{michalewicz1996b,
  title={Evolutionary algorithms for constrained parameter optimization problems},
  author={Michalewicz, Zbigniew and Schoenauer, Marc},
  journal={Evolutionary computation},
  volume={4},
  number={1},
  pages={1--32},
  year={1996},
  publisher={MIT Press}
}
% Seleção
@incollection{goldberg1991,
    author = {David E. Goldberg and Kalyanmoy Deb},
    booktitle = {Foundations of Genetic Algorithms},
    pages = {69--93},
    title = {{A Comparative Analysis of Selection Schemes Used in Genetic Algorithms}},
    year = {1991},
    publisher = {Elsevier},
    address={San Francisco, CA: Morgan Kaufmann},
    editor = {Rawlins, Gregory J. E.},
    issn = {1081-6593},
    doi = {http://goo.gl/Rbr8Bs},
 
    address={}
}
@article{miller1995,
  title = {Genetic Algorithms, Tournament Selection, and the Effects of Noise},
  author={Miller, Brad L and Goldberg, David E},
  journal={Complex systems},
  volume={9},
  number={3},
  pages={193--212},
  year={1995},
  publisher={[Champaign, IL, USA: Complex Systems Publications, Inc., c1987-}
}
@phdthesis{brindle1981,
    author = {Brindle, A.},
    priority = {2},
    school = {University of Alberta},
    title = {{Genetic Algorithms for Function Optimization}},
    year = {1981}
}
@phdthesis{dejong1975,
 author = {De{ }Jong, Kenneth Alan},
 title = {An Analysis of the Behavior of a Class of Genetic Adaptive Systems.},
 year = {1975},
 note = {AAI7609381},
 publisher = {University of Michigan},
 address = {Ann Arbor, MI, USA},
} 
% Não encontrei o artigo

@inproceedings{baker1985,
  author    = {James E. Baker},
  title     = {Adaptive Selection Methods for Genetic Algorithms},
  booktitle = {Proceedings of the 1st International Conference on Genetic Algorithms,
               Pittsburgh, PA, USA, July 1985},
  pages     = {101--111},
  year      = {1985},
  crossref  = {DBLP:conf/icga/1985},
  timestamp = {Fri, 06 Sep 2002 13:56:17 +0200},
  biburl    = {http://dblp.uni-trier.de/rec/bib/conf/icga/Baker85},
  bibsource = {dblp computer science bibliography, http://dblp.org}
}
@proceedings{DBLP:conf/icga/1985,
  editor    = {John J. Grefenstette},
  title     = {Proceedings of the 1st International Conference on Genetic Algorithms,
               Pittsburgh, PA, USA, July 1985},
  publisher = {Lawrence Erlbaum Associates},
  year      = {1985},
  isbn      = {0-8058-0426-9},
  timestamp = {Fri, 06 Sep 2002 13:56:17 +0200},
  biburl    = {http://dblp.uni-trier.de/rec/bib/conf/icga/1985},
  bibsource = {dblp computer science bibliography, http://dblp.org},
  address = {Hillsdale, NJ, USA},
}


@inproceedings{noraini2011,
  title={Genetic algorithm performance with different selection strategies in solving TSP},
  author={Noraini, Mohd Razali and Geraghty, John},
  year={2011},
  booktitle={Proceedings of the World Congress on Engineering 2011},
  volume={2},
  address={London, U.K.},
  isbn={978-988-19251-4-5},
  organization={International Association of Engineers}
}

@inproceedings{thierens1994,
  author    = {Dirk Thierens and
               David E. Goldberg},
  title     = {Convergence Models of Genetic Algorithm Selection Schemes},
  booktitle = {Parallel Problem Solving from Nature - {PPSN} III, International Conference
               on Evolutionary Computation. The Third Conference on Parallel Problem
               Solving from Nature, Proceedings},
  pages     = {119--129},
  year      = {1994},
  month     = {October},
  address   = {Jerusalem, Israel},
  crossref  = {DBLP:conf/ppsn/1994},
  doi       = {10.1007/3-540-58484-6_256},
  timestamp = {Wed, 28 Oct 2009 08:08:10 +0100},
  biburl    = {http://dblp.uni-trier.de/rec/bib/conf/ppsn/ThierensG94},
  bibsource = {dblp computer science bibliography, http://dblp.org}
}
@proceedings{DBLP:conf/ppsn/1994,
  editor    = {Yuval Davidor and
               Hans{-}Paul Schwefel and
               Reinhard M{\"{a}}nner},
  title     = {Parallel Problem Solving from Nature - {PPSN} III, International Conference
               on Evolutionary Computation. The Third Conference on Parallel Problem
               Solving from Nature, Jerusalem, Israel, October 9-14, 1994, Proceedings},
  series    = {Lecture Notes in Computer Science},
  volume    = {866},
  publisher = {Springer},
  year      = {1994},
  isbn      = {3-540-58484-6},
  timestamp = {Thu, 03 Jan 2002 12:07:40 +0100},
  biburl    = {http://dblp.uni-trier.de/rec/bib/conf/ppsn/1994},
  bibsource = {dblp computer science bibliography, http://dblp.org}
}




@inproceedings{tanomaru1995,
  title={Motiva{\c{c}}{\~a}o, fundamentos e aplica{\c{c}}{\~o}es de algoritmos gen{\'e}ticos},
  author={Tanomaru, Julio},
  booktitle={II Congresso Brasileiro de Redes Neurais},
  address={Curitiba, Paraná, Brasil},
  pages={373--403},
  year={1995},
  organization={Conselho Nacional de Redes Neurais}
}
@article{reeves1995,
  title={A genetic algorithm for flowshop sequencing},
  author={Reeves, Colin R},
  journal={Computers \& operations research},
  volume={22},
  number={1},
  pages={5--13},
  year={1995},
  publisher={Elsevier}
}
% Restrições
@article{michalewicz1995b,
  title={A Survey of Constraint Handling Techniques in Evolutionary Computation Methods.},
  author={Michalewicz, Zbigniew},
  journal={Evolutionary Programming},
  volume={4},
  pages={135--155},
  year={1995}
}
@article{venkatraman2005,
  title={A generic framework for constrained optimization using genetic algorithms},
  author={Venkatraman, Sangameswar and Yen, Gary G},
  journal={IEEE Transactions on Evolutionary Computation},
  volume={9},
  number={4},
  pages={424--435},
  year={2005},
  publisher={IEEE}
}
@article{coello2002,
  title={Theoretical and numerical constraint-handling techniques used with evolutionary algorithms: a survey of the state of the art},
  author={Coello, Carlos A Coello},
  journal={Computer methods in applied mechanics and engineering},
  volume={191},
  number={11},
  pages={1245--1287},
  year={2002},
  publisher={Elsevier}
}
@inproceedings{deb1999,
  title={A niched-penalty approach for constraint handling in genetic algorithms},
  author={Deb, Kalyanmoy and Agrawal, Samir},
  booktitle={Artificial Neural Nets and Genetic Algorithms},
  pages={235--243},
  year={1999},
  organization={Springer}
}
@article{koziel1999,
  title={Evolutionary algorithms, homomorphous mappings, and constrained parameter optimization},
  author={Koziel, Slawomir and Michalewicz, Zbigniew},
  journal={Evolutionary computation},
  volume={7},
  number={1},
  pages={19--44},
  year={1999},
  publisher={MIT Press}
}
@article{craenen2003,
  title={Comparing evolutionary algorithms on binary constraint satisfaction problems},
  author={Craenen, Bart GW and Eiben, AE and van Hemert, Jano I},
  journal={IEEE Transactions on Evolutionary Computation},
  volume={7},
  number={5},
  pages={424--444},
  year={2003},
  publisher={IEEE}
}
@book{datta2015,
   title =     {Evolutionary constrained optimization},
   author =    {Datta, Rituparna; Deb, Kalyanmoy (eds)},
   publisher = {Springer},
   isbn =      {8132221834,978-81-322-2183-8,978-81-322-2184-5,8132221842,9783-642-00618-0},
   year =      {2015},
   series =    {Infosys Science Foundation series. Applied sciences and engineering},
   edition =   {2015},
   volume =    {},
}
@inbook{barbosa2015,
  author="Barbosa, Helio J. C.
  and Lemonge, Afonso C. C.
  and Bernardino, Heder S.",
  editor="Datta, Rituparna
  and Deb, Kalyanmoy",
  title="A Critical Review of Adaptive Penalty Techniques in Evolutionary Computation",
  bookTitle="Evolutionary Constrained Optimization",
  year="2015",
  publisher="Springer India",
  address="New Delhi",
  pages="1--27",
  isbn="978-81-322-2184-5",
  doi="10.1007/978-81-322-2184-5_1",
}


@inproceedings{koziel1998,
  author    = {Slawomir Koziel and
               Zbigniew Michalewicz},
  title     = {A Decoder-Based Evolutionary Algorithm for Constrained Parameter Optimization
               Problems},
  booktitle = {Parallel Problem Solving from Nature - {PPSN} V, 5th International
               Conference, Amsterdam, The Netherlands, September 27-30, 1998, Proceedings},
  pages     = {231--240},
  year      = {1998},
  crossref  = {DBLP:conf/ppsn/1998},
  doi       = {10.1007/BFb0056866},
  timestamp = {Fri, 17 Jun 2011 14:13:19 +0200},
  biburl    = {http://dblp.uni-trier.de/rec/bib/conf/ppsn/KozielM98},
  bibsource = {dblp computer science bibliography, http://dblp.org}
}
@proceedings{DBLP:conf/ppsn/1998,
  editor    = {A. E. Eiben and
               Thomas B{\"{a}}ck and
               Marc Schoenauer and
               Hans{-}Paul Schwefel},
  title     = {Parallel Problem Solving from Nature - {PPSN} V, 5th International
               Conference, Amsterdam, The Netherlands, September 27-30, 1998, Proceedings},
  series    = {Lecture Notes in Computer Science},
  volume    = {1498},
  publisher = {Springer},
  year      = {1998},
  isbn      = {3-540-65078-4},
  timestamp = {Thu, 03 Jan 2002 12:07:40 +0100},
  biburl    = {http://dblp.uni-trier.de/rec/bib/conf/ppsn/1998},
  bibsource = {dblp computer science bibliography, http://dblp.org}
}

@article{salcedo2009,
  author    = {Sancho Salcedo{-}Sanz},
  title     = {A survey of repair methods used as constraint handling techniques
               in evolutionary algorithms},
  journal   = {Computer Science Review},
  volume    = {3},
  number    = {3},
  pages     = {175--192},
  year      = {2009},
  doi       = {10.1016/j.cosrev.2009.07.001},
  timestamp = {Mon, 09 Nov 2009 12:40:52 +0100},
  biburl    = {http://dblp.uni-trier.de/rec/bib/journals/csr/Salcedo-Sanz09},
  bibsource = {dblp computer science bibliography, http://dblp.org}
}

% Aplicações
% PROBLEMA DE QUADRO DE HORÁRIOS MULTICURSO
@inproceedings{alves2015,
  title={A novel educational timetabling solution through recursive genetic algorithms},
  author={Alves, Shara SA and Oliveira, Saulo AF and Rocha{ }Neto, Ajalmar R},
  booktitle={2015 Latin America Congress on Computational Intelligence (LA-CCI)},
  pages={1--6},
  year={2015},
  organization={IEEE}
}
% REDIMENSIONAMENTO DE IMAGENS SENSÍVEL AO CONTEÚDO
@article{oliveira2016,
  title={A novel Genetic Algorithms and SURF-Based approach for image retargeting},
  author={Oliveira, Saulo AF and Rocha{ }Neto, Ajalmar R and Bezerra, Francisco N},
  journal={Expert systems with applications},
  volume={44},
  pages={332--343},
  year={2016},
  publisher={Elsevier}
}
@inproceedings{oliveira2015,
  title={An improved Genetic Algorithms-based Seam Carving method},
  author={Oliveira, Saulo AF and Rocha{ }Neto, Ajalmar R},
  booktitle={2015 Latin America Congress on Computational Intelligence (LA-CCI)},
  pages={1--6},
  year={2015},
  organization={IEEE}
}
% PODA
% ------ LSSVM
@inproceedings{silva2014,
  title={Multi-objective genetic algorithms for sparse least square support vector machines},
  author={Silva, Danilo Avilar and Rocha{ }Neto, Ajalmar R{\^e}go},
  booktitle={International Conference on Intelligent Data Engineering and Automated Learning},
  pages={158--166},
  year={2014},
  organization={Springer}
}
@inproceedings{silva2015b,
  author    = {Danilo Avilar Silva and
               Ajalmar R{\^{e}}go Rocha{ }Neto},
  title     = {A Genetic Algorithms-Based {LSSVM} Classifier for Fixed-Size Set of
               Support Vectors},
  booktitle = {Advances in Computational Intelligence - 13th International Work-Conference
               on Artificial Neural Networks, {IWANN} 2015, Palma de Mallorca, Spain,
               June 10-12},
  pages     = {127--141},
  year      = {2015},
  crossref  = {DBLP:conf/iwann/2015-2},
  doi       = {10.1007/978-3-319-19222-2_11},
  timestamp = {Tue, 09 Jun 2015 09:11:59 +0200},
  biburl    = {http://dblp.uni-trier.de/rec/bib/conf/iwann/SilvaN15},
  bibsource = {dblp computer science bibliography, http://dblp.org}
}
@proceedings{DBLP:conf/iwann/2015-2,
  title     = {Advances in Computational Intelligence - 13th International Work-Conference
               on Artificial Neural Networks, {IWANN} 2015, Palma de Mallorca, Spain,
               June 10-12, 2015. Proceedings, Part {II}},
  publisher = {Springer},
  year      = {2015},
  doi       = {10.1007/978-3-319-19222-2},
  isbn      = {978-3-319-19221-5},
  timestamp = {Tue, 09 Jun 2015 08:42:36 +0200},
  biburl    = {http://dblp.uni-trier.de/rec/bib/conf/iwann/2015-2},
  bibsource = {dblp computer science bibliography, http://dblp.org}
}
% ------ ELM
@article{alencar2016,
  title={A new pruning method for extreme learning machines via genetic algorithms},
  author={Alencar, Alisson SC and Rocha{ }Neto, Ajalmar R and Gomes, Jo{\~a}o Paulo P},
  journal={Applied Soft Computing},
  volume={44},
  pages={101--107},
  year={2016},
  publisher={Elsevier}
}
% -------------------------
% Reconhecimento de padrões
% -------------------------

@book{theodoridis2008,
 author = {Theodoridis, Sergios and Koutroumbas, Konstantinos},
 title = {Pattern Recognition, Fourth Edition},
 year = {2008},
 isbn = {1597492728, 9781597492720},
 edition = {4th},
 publisher = {Academic Press},
 address = {Burlington, MA, USA}
} 

@book{bishop2006,
 author = {Bishop, Christopher M.},
 title = {Pattern Recognition and Machine Learning (Information Science and Statistics)},
 year = {2006},
 isbn = {0387310738},
 publisher = {Springer-Verlag New York, Inc.},
 address = {Secaucus, NJ, USA},
} 

% ---------------------------
% Máquinas de Vetores-Suporte
% ---------------------------
svm/solvers
@article{bottou2007,
  title={Support vector machine solvers},
  author={Bottou, L{\'e}on and Lin, Chih-Jen},
  journal={Large scale kernel machines},
  pages={301--320},
  year={2007},
  publisher={Citeseer}
}

@book{schoelkopf1999,
  title =     {Advances in Kernel Methods: Support Vector Learning},
  author =    {Schoelkopf B., Burges C.J.C., Smola A.J. (eds.)},
  publisher = {MIT},
  isbn =      {0262194163},
  year =      {1999},
  series =    {},
  edition =   {},
  volume =    {},
}

@article{burges1998,
  title={A tutorial on support vector machines for pattern recognition},
  author={Burges, Christopher JC},
  journal={Data mining and knowledge discovery},
  volume={2},
  number={2},
  pages={121--167},
  year={1998},
  publisher={Springer}
}

@book{hamel2011,
  title =     {Knowledge Discovery with Support Vector Machines (Wiley Series on Methods and Applications in Data Mining)},
  author =    {Lutz H. Hamel},
  publisher = {},
  isbn =      {0470371927,9780470371923,9780470503065},
  year =      {2009},
  series =    {},
  edition =   {1},
  volume =    {},
}

@book{smola2000,
  title = {Advances in Large Margin Classifiers},
  author = {Smola, AJ. and Bartlett, PJ. and Sch{\"o}lkopf, B. and Schuurmans, D.},
  pages = {422},
  series = {Neural Information Processing},
  publisher = {MIT Press},
  organization = {Max-Planck-Gesellschaft},
  school = {Biologische Kybernetik},
  address = {Cambridge, MA, USA},
  month = {October},
  year = {2000}
}


@article{anlauf1989,
  author =  {J. K. Anlauf and M. Biehl},
  title = {The AdaTron: An Adaptive Perceptron Algorithm},
  journal = {Europhysics Letters},
  volume = {10},
  number = {7},
  pages = {687},
  year = {1989},
}

@inproceedings{frie1998,
  author    = {Thilo{-}Thomas Frie{\ss} and
               Nello Cristianini and
               Colin Campbell},
  title     = {The Kernel-Adatron Algorithm: {A} Fast and Simple Learning Procedure
               for Support Vector Machines},
  booktitle = {Proceedings of the Fifteenth International Conference on Machine Learning
               {(ICML)}},
  pages     = {188--196},
  year      = {1998},
  crossref  = {DBLP:conf/icml/1998},
  timestamp = {Thu, 30 Jun 2011 10:34:12 +0200},
  biburl    = {http://dblp.uni-trier.de/rec/bib/conf/icml/FriessCC98},
  bibsource = {dblp computer science bibliography, http://dblp.org},
  address   = {Madison, Wisconsin}
}
@proceedings{DBLP:conf/icml/1998,
  editor    = {Jude W. Shavlik},
  title     = {Proceedings of the Fifteenth International Conference on Machine Learning
               {(ICML)}},
  publisher = {Morgan Kaufmann},
  year      = {1998},
  isbn      = {1-55860-556-8},
  timestamp = {Thu, 30 Jun 2011 10:34:12 +0200},
  biburl    = {http://dblp.uni-trier.de/rec/bib/conf/icml/1998},
  bibsource = {dblp computer science bibliography, http://dblp.org},
  address   = {Madison, Wisconsin}
}







% SMO
@article{platt1998,
  title={Sequential minimal optimization: A fast algorithm for training support vector machines},
  author={Platt, John and others},
  year={1998},
  publisher={technical report msr-tr-98-14, Microsoft Research}
}

@incollection{platt1999,
 author = {Platt, John C.},
 chapter = {Fast Training of Support Vector Machines Using Sequential Minimal Optimization},
 title = {Advances in Kernel Methods},
 editor = {Sch\"{o}lkopf, Bernhard and Burges, Christopher J. C. and Smola, Alexander J.},
 year = {1999},
 isbn = {0-262-19416-3},
 pages = {185--208},
 numpages = {24},
 acmid = {299105},
 publisher = {MIT Press},
 address = {Cambridge, MA, USA},
}

% LPSO + SVM
@inproceedings{paquet2003a, 
  author={U. Paquet and A. P. Engelbrecht}, 
  booktitle={Proceedings of the International Joint Conference on Neural Networks, 2003.}, 
  title={Training support vector machines with particle swarms}, 
  publisher = {Institute of Electrical and Electronics Engineers ({IEEE})},
  year={2003}, 
  volume={2}, 
  pages={1593-1598 vol.2}, 
  keywords={character recognition;pattern classification;quadratic programming;support vector machines;character recognition dataset;constrained quadratic programming problem;linear particle swarm optimization;particle swarms;support vector machine;training support vector machines;Africa;Computer science;Constraint optimization;Convergence;Kernel;Machine learning;Packaging machines;Particle swarm optimization;Quadratic programming;Support vector machines}, 
  doi={10.1109/IJCNN.2003.1223937}, 
  ISSN={1098-7576}, 
  month={July},
  crossref  = {DBLP:conf/ijcnn/2003},
  address = {Portland, Oregon, USA},
}

@proceedings{DBLP:conf/ijcnn/2003,
  title     = {Proceedings of the {IEEE} International Joint Conference on Neural Networks, {IJCNN}
              2003, 20 - 24 July 2003, Oregon, {EUA}},
  publisher = {{IEEE}},
  year      = {2003}
}

@inproceedings{paquet2003b,
  author    = {Ulrich Paquet and
               Andries Petrus Engelbrecht},
  title     = {A new particle swarm optimiser for linearly constrained optimisation},
  booktitle = {Proceedings of the {IEEE} Congress on Evolutionary Computation, {CEC}
               2003, 8 - 12 December 2003, Canberra, Australia},
  pages     = {227--233},
  year      = {2003},
  crossref  = {DBLP:conf/cec/2003},
  doi       = {10.1109/CEC.2003.1299579},
  timestamp = {Wed, 10 Sep 2008 18:09:51 +0200},
  biburl    = {http://dblp.uni-trier.de/rec/bib/conf/cec/PaquetE03},
  bibsource = {dblp computer science bibliography, http://dblp.org}
}
@proceedings{DBLP:conf/cec/2003,
  title     = {Proceedings of the {IEEE} Congress on Evolutionary Computation, {CEC}
               2003, 8 - 12 December 2003, Canberra, Australia},
  publisher = {{IEEE}},
  year      = {2003},
  timestamp = {Wed, 10 Sep 2008 18:06:59 +0200},
  biburl    = {http://dblp.uni-trier.de/rec/bib/conf/cec/2003},
  bibsource = {dblp computer science bibliography, http://dblp.org}
}



@inproceedings{li2007,
 author = {Li, Ying and Tong, Yan and Bai, Bendu and Zhang, Yanning},
 title = {An Improved Particle Swarm Optimization for SVM Training},
 booktitle = {Proceedings of the Third International Conference on Natural Computation - Volume 02},
 series = {ICNC '07},
 year = {2007},
 isbn = {0-7695-2875-9},
 pages = {611--615},
 numpages = {5}
 doi = {10.1109/ICNC.2007.222},
 acmid = {1305594},
 publisher = {IEEE Computer Society},
 address = {Washington, DC, USA},
} 

@inproceedings{silva2013,
  author    = {Arlindo Silva and
               Teresa Gon{\c{c}}alves},
  title     = {Training Support Vector Machines with an Heterogeneous Particle Swarm
               Optimizer},
  booktitle = {Adaptive and Natural Computing Algorithms, 11th International Conference,
               {ICANNGA} 2013, Lausanne, Switzerland, April 4-6, 2013. Proceedings},
  pages     = {100--109},
  year      = {2013},
  crossref  = {DBLP:conf/icannga/2013},
  doi       = {10.1007/978-3-642-37213-1_11},
  timestamp = {Mon, 27 May 2013 09:39:00 +0200},
  biburl    = {http://dblp.uni-trier.de/rec/bib/conf/icannga/SilvaG13},
  bibsource = {dblp computer science bibliography, http://dblp.org}
}
@proceedings{DBLP:conf/icannga/2013,
  editor    = {Marco Tomassini and
               Alberto Antonioni and
               Fabio Daolio and
               Pierre Buesser},
  title     = {Adaptive and Natural Computing Algorithms, 11th International Conference,
               {ICANNGA} 2013, Lausanne, Switzerland, April 4-6, 2013. Proceedings},
  series    = {Lecture Notes in Computer Science},
  volume    = {7824},
  publisher = {Springer},
  year      = {2013},
  doi       = {10.1007/978-3-642-37213-1},
  isbn      = {978-3-642-37212-4},
  timestamp = {Mon, 27 May 2013 09:28:34 +0200},
  biburl    = {http://dblp.uni-trier.de/rec/bib/conf/icannga/2013},
  bibsource = {dblp computer science bibliography, http://dblp.org}
}





% GA primal
@inproceedings{stoean2006,
  author    = {Ruxandra Stoean and
               Dumitru Dumitrescu and
               Mike Preuss and
               Catalin Stoean},
  title     = {Evolutionary Support Vector Regression Machines},
  booktitle = {8th International Symposium on Symbolic and Numeric Algorithms for
               Scientific Computing {(SYNASC} 2006), 26-29 September 2006, Timisoara,
               Romania},
  pages     = {330--335},
  year      = {2006},
  crossref  = {DBLP:conf/synasc/2006},
  doi       = {10.1109/SYNASC.2006.39},
  timestamp = {Tue, 13 Jan 2015 18:19:56 +0100},
  biburl    = {http://dblp.uni-trier.de/rec/bib/conf/synasc/StoeanDPS06},
  bibsource = {dblp computer science bibliography, http://dblp.org}
}
@proceedings{DBLP:conf/synasc/2006,
  editor    = {Viorel Negru and
               Dana Petcu and
               Daniela Zaharie and
               Ajith Abraham and
               Bruno Buchberger and
               Alexandru Cicortas and
               Dorian Gorgan and
               Jo{\"{e}}l Quinqueton},
  title     = {8th International Symposium on Symbolic and Numeric Algorithms for
               Scientific Computing {(SYNASC} 2006), 26-29 September 2006, Timisoara,
               Romania},
  publisher = {{IEEE} Computer Society},
  year      = {2006},
  isbn      = {0-7695-2740-X},
  timestamp = {Tue, 13 Jan 2015 18:19:55 +0100},
  biburl    = {http://dblp.uni-trier.de/rec/bib/conf/synasc/2006},
  bibsource = {dblp computer science bibliography, http://dblp.org}
}

% GA primal regressão
@inproceedings{stoean2007,
  author    = {Ruxandra Stoean and
               Mike Preuss and
               Catalin Stoean and
               Dumitru Dumitrescu},
  title     = {Concerning the potential of evolutionary support vector machines},
  booktitle = {Proceedings of the {IEEE} Congress on Evolutionary Computation, {CEC}
               2007, 25-28 September 2007, Singapore},
  pages     = {1436--1443},
  year      = {2007},
  crossref  = {DBLP:conf/cec/2007},
  doi       = {10.1109/CEC.2007.4424640},
  timestamp = {Sun, 04 Jan 2009 23:12:19 +0100},
  biburl    = {http://dblp.uni-trier.de/rec/bib/conf/cec/StoeanPSD07},
  bibsource = {dblp computer science bibliography, http://dblp.org}
}
@proceedings{DBLP:conf/cec/2007,
  title     = {Proceedings of the {IEEE} Congress on Evolutionary Computation, {CEC}
               2007, 25-28 September 2007, Singapore},
  publisher = {{IEEE}},
  year      = {2007},
  timestamp = {Sun, 04 Jan 2009 23:09:39 +0100},
  biburl    = {http://dblp.uni-trier.de/rec/bib/conf/cec/2007},
  bibsource = {dblp computer science bibliography, http://dblp.org}
}

% GA dual
@inproceedings{mierswa2006,
  author = {Mierswa, Ingo},
  biburl = {https://www.bibsonomy.org/bibtex/26f942b97b8a39b965d68b9ad306169be/sb3000},
  booktitle = {Proceedings of the 8th Annual Conference on Genetic and Evolutionary Computation (GECCO '06), July 8-12, 2006, Seattle, Washington, USA},
  editor = {Cattolico, Mike},
  interhash = {178e1b364c109a030700241f25d19288},
  intrahash = {6f942b97b8a39b965d68b9ad306169be},
  keywords = {evolution optimization svm kernel},
  pages = {1553--1560 },
  publisher = {ACM Press, New York, NY, USA},
  timestamp = {2010-10-07T14:13:58.000+0200},
  title = {Evolutionary Learning with Kernels: A Generic Solution for Large Margin Problems},
  year = 2006
}



GATE
@inproceedings{dias2016a,
  author    = {Madson Luiz Dantas Dias and
               Ajalmar R. Rocha{ }Neto},
  title     = {Evolutionary support vector machines: {A} dual approach},
  booktitle = {{IEEE} Congress on Evolutionary Computation, {CEC} 2016, Vancouver,
               BC, Canada, July 24-29, 2016},
  pages     = {2185--2192},
  publisher = {IEEE},
  year      = {2016},
  crossref  = {DBLP:conf/cec/2016},
  doi       = {10.1109/CEC.2016.7744058},
  timestamp = {Thu, 24 Nov 2016 20:39:06 +0100},
  biburl    = {http://dblp.uni-trier.de/rec/bib/conf/cec/DiasN16},
  bibsource = {dblp computer science bibliography, http://dblp.org}
}
@proceedings{DBLP:conf/cec/2016,
  title     = {{IEEE} Congress on Evolutionary Computation, {CEC} 2016},
  month     = {July},
  adddress  = {Vancouver, BC, Canada},
  publisher = {{IEEE}},
  year      = {2016},
  isbn      = {978-1-5090-0623-6},
  timestamp = {Thu, 24 Nov 2016 20:38:33 +0100},
  biburl    = {http://dblp.uni-trier.de/rec/bib/conf/cec/2016},
  bibsource = {dblp computer science bibliography, http://dblp.org}
}

@inproceedings{dias2016b,
  author    = {Madson L. Dantas Dias and
               Ajalmar R. Rocha{ }Neto},
  title     = {A Novel Simulated Annealing-Based Learning Algorithm for Training
               Support Vector Machines},
  booktitle = {Intelligent Systems Design and Applications - 16th International Conference
               on Intelligent Systems Design and Applications {(ISDA} 2016) held
               in Porto, Portugal, December 16-18, 2016},
  pages     = {341--351},
  year      = {2016},
  crossref  = {DBLP:conf/isda/2016},
  doi       = {10.1007/978-3-319-53480-0_34},
  timestamp = {Thu, 23 Feb 2017 13:55:56 +0100},
  biburl    = {http://dblp.uni-trier.de/rec/bib/conf/isda/DiasN16},
  bibsource = {dblp computer science bibliography, http://dblp.org}
}
@proceedings{DBLP:conf/isda/2016,
  editor    = {Ana Maria Madureira and
               Ajith Abraham and
               Dorabela Gamboa and
               Paulo Novais},
  title     = {Intelligent Systems Design and Applications - 16th International Conference
               on Intelligent Systems Design and Applications {(ISDA} 2016) held
               in Porto, Portugal, December 16-18, 2016},
  series    = {Advances in Intelligent Systems and Computing},
  volume    = {557},
  publisher = {Springer},
  year      = {2017},
  doi       = {10.1007/978-3-319-53480-0},
  isbn      = {978-3-319-53479-4},
  timestamp = {Thu, 23 Feb 2017 13:29:22 +0100},
  biburl    = {http://dblp.uni-trier.de/rec/bib/conf/isda/2016},
  bibsource = {dblp computer science bibliography, http://dblp.org},
  address={Porto, Portugal},
}




% Outros métodos

@article{djuric2013,
  title={BudgetedSVM: a toolbox for scalable SVM approximations.},
  author={Djuric, Nemanja and Lan, Liang and Vucetic, Slobodan and Wang, Zhuang},
  journal={Journal of Machine Learning Research},
  volume={14},
  number={1},
  pages={3813--3817},
  year={2013}
}

@article{frandi2016,
  title={Fast and scalable Lasso via stochastic Frank--Wolfe methods with a convergence guarantee},
  author={Frandi, Emanuele and {\~N}anculef, Ricardo and Lodi, Stefano and Sartori, Claudio and Suykens, Johan AK},
  journal={Machine Learning},
  volume={104},
  number={2-3},
  pages={195--221},
  year={2016},
  publisher={Springer}
}

% ---------------------------
% Otimização
% ---------------------------
@book{luenberger1973,
  title={Introduction to linear and nonlinear programming},
  author={Luenberger, David G},
  volume={28},
  year={1973},
  publisher={Addison-Wesley Reading, MA}
}

@book{bazaraa2013,
 author = {Bazaraa, Mokhtar S.},
 title = {Nonlinear Programming: Theory and Algorithms},
 year = {2013},
 isbn = {1118857569, 9781118857564},
 edition = {3rd},
 publisher = {Wiley Publishing},
 address= {United States of America}
}


@book{bertsimas1997,
  title={Introduction to linear optimization},
  author={Bertsimas, Dimitris and Tsitsiklis, John N},
  volume={6},
  year={1997},
  publisher={Athena Scientific Belmont, MA}
}

@book{gill1981,
  address = {London},
  author = {Gill, Philip E. and Murray, Walter and Wright, Margaret H.},
  isbn = {0-12-283950-1},
  keywords = {optimisation practical},
  pages = {xvi+401},
  publisher = {Academic Press Inc. [Harcourt Brace Jovanovich Publishers]},
  timestamp = {2008-09-04T16:51:25.000+0200},
  title = {Practical optimization},
  year = {1981}
}

@book{fletcher2013,
  title={Practical methods of optimization},
  author={Fletcher, Roger},
  year={2013},
  publisher={John Wiley \& Sons},
  address       = {Hoboken, NJ},
}

@book{vapnik2000,
    address = {New York},
    author = {Vapnik, V. N.},
    doi = {10.1007/978-1-4757-3264-1},
    isbn = {978-1-4419-3160-3},
    priority = {2},
    publisher = {Springer},
    title = {{The Nature of Statistical Learning Theory}},
 
    year = {2000}
}


@book{bertsekas1999,
  title={Nonlinear programming},
  author={Bertsekas, Dimitri P},
  year={1999},
  publisher={Athena scientific Belmont}
}


@book{nocedal2006,
  title={Numerical optimization},
  author={Nocedal, Jorge and Wright, Stephen},
  year={2006},
  publisher={Springer Science \& Business Media},
  address="New York, NY",
  doi="10.1007/978-0-387-40065-5",
}



% ---------------------------
% Metodologia
% ---------------------------
@article{hsu2003,
  title={A practical guide to support vector classification},
  author={Hsu, Chih-Wei and Chang, Chih-Chung and Lin, Chih-Jen and others},
  year={2003}
}

@misc{lichman2013,
  author = "M. Lichman",
  year = "2013",
  title = "{UCI} Machine Learning Repository",
  institution = "University of California, Irvine, School of Information and Computer Sciences"
}

@book{han2011,
  title={Data mining: concepts and techniques},
  author={Han, Jiawei and Pei, Jian and Kamber, Micheline},
  year={2011},
  publisher={Elsevier},
  address = {Boston},
  isbn = {9780123814791,9780123814807}
}

@article{arlot2010,
  author = {Arlot, Sylvain and Celisse, Alain},
  doi = {10.1214/09-SS054},
  fjournal = {Statistics Surveys},
  journal = {Statist. Surv.},
  pages = {40--79},
  publisher = {The American Statistical Association, the Bernoulli Society, the Institute of Mathematical Statistics, and the Statistical Society of Canada},
  title = {A survey of cross-validation procedures for model selection},
  volume = {4},
  year = {2010}
}
% Teste estatístico
@article{demsar2006,
  title={Statistical Comparisons of Classifiers over Multiple Data Sets},
  author={Dem{\v{s}}ar, Janez},
  journal={The Journal of Machine Learning Research},
  volume={7},
  pages={1-30},
  year={2006},
  publisher={JMLR. org},
  numpages = {30}
}

@article{marquardt1963,
  title={An algorithm for least-squares estimation of nonlinear parameters},
  author={Marquardt, Donald W},
  journal={Journal of the society for Industrial and Applied Mathematics},
  volume={11},
  number={2},
  pages={431--441},
  year={1963},
  publisher={SIAM}
}



@inproceedings{Mesquita2015,
  author = {Mesquita, Diego Parente Paiva and Gomes, Jo\~{a}o Paulo Pordeus and {Souza Junior}, Amauri Holanda},
  booktitle = {International Workconference on Artificial Neural Networks},
  
  pages = {142-152},
  publisher = {Springer},
  series = {Lecture Notes in Computer Science},
  title = {Ensemble of Minimal Learning Machines for Pattern Classification.},
  volume = 9095,
  year = 2015
}

@inproceedings{Gomes2015,
  author = {Gomes, João Paulo Pordeus and {Souza Junior}, A H. and Corona, Francesco and Neto, Ajalmar R. Rocha},
  booktitle = {International Conference on Neural Information Processing (ICONIP)},
  editor = {Arik, Sabri and Huang, Tingwen and Lai, Weng Kin and Liu, Qingshan},
  pages = {557-564},
  publisher = {Springer},
  series = {Lecture Notes in Computer Science},
  title = {A Cost Sensitive Minimal Learning Machine for Pattern Classification.},
  volume = 9489,
  year = 2015
}

@inproceedings{SouzaJunior2013,
 author = {de Souza Junior, Amauri Holanda and Corona, Francesco and Miche, Yoan and Lendasse, Amaury and Barreto, Guilherme A. and Simula, Olli},
 title = {Minimal Learning Machine: A New Distance-based Method for Supervised Learning},
 booktitle = {Proceedings of the 12th International Conference on Artificial Neural Networks: Advances in Computational Intelligence - Volume Part I},
 series = {IWANN'13},
 year = {2013},
 location = {Puerto de la Cruz, Tenerife, Spain},
 pages = {408--416},
 numpages = {9},
 publisher = {Springer-Verlag},
 address = {Berlin, Heidelberg},
} 

@INPROCEEDINGS{Coelho2014, 
author={Coelho, D.N. and Barreto, G.A. and Medeiros, C.M.S. and Santos, J.D.A.}, 
booktitle={IEEE Symposium on Computational Intelligence for Engineering Solutions (CIES)}, 
title={Performance comparison of classifiers in the detection of short circuit incipient fault in a three-phase induction motor}, 
year={2014}, 
pages={42-48},  
month={Dec},}

@INPROCEEDINGS{Arlandis2002,
author={Arlandis, J. and Perez-Cortes, J.C. and Cano, J.},
booktitle={Pattern Recognition, 2002. Proceedings. 16th International Conference on},
title={Rejection strategies and confidence measures for a k-NN classifier in an OCR task},
year={2002},
volume={1},
pages={576-579 vol.1},
doi={10.1109/ICPR.2002.1044806},
ISSN={1051-4651},
month={},}

@article{Chow1970,
        author  = {C. Chow},
        title   = {On optimum recognition error and reject tradeoff},
        journal = {IEEE Transactions on Information Theory},
        volume  = {16},
        number  = {1},
        pages   = {41-46},
        year    = {1970}
}
@inproceedings{RochaNeto2011,
 author = {da Rocha Neto, Ajalmar R. and Sousa, Ricardo and de A. Barreto, Guilherme and Cardoso, Jaime S.},
 title = {Diagnostic of Pathology on the Vertebral Column with Embedded Reject Option},
 booktitle = {Proceedings of the 5th Iberian Conference on Pattern Recognition and Image Analysis},
 series = {IbPRIA'11},
 year = {2011},
 isbn = {978-3-642-21256-7},
 location = {Las Palmas de Gran Canaria, Spain},
 pages = {588--595},
 numpages = {8},
 acmid = {2021422},
 publisher = {Springer-Verlag},
 address = {Berlin, Heidelberg},
} 

@INPROCEEDINGS{Sousa2009, 
author={Sousa, R. and Mora, B. and Cardoso, J.S.}, 
booktitle={Machine Learning and Applications, 2009. ICMLA '09. International Conference on}, 
title={An Ordinal Data Method for the Classification with Reject Option}, 
year={2009}, 
pages={746-750},
month={Dec},
}
@inproceedings{Fumera2002a,
        booktitle = {Proceedings of the 1st International Workshop on Pattern Recognition with Support Vector Machines ({SVM}'2002)},
        publisher = {Springer},
        author    = {G. Fumera and F. Roli},
        title     = {Support Vector Machines with Embedded Reject Option},
        pages     = {68--82},
        year      = {2002}
}

@article{Hanczar2008,
  author    = {Blaise Hanczar and
               Edward R. Dougherty},
  title     = {Classification with reject option in gene expression data},
  journal   = {Bioinformatics},
  volume    = {24},
  number    = {17},
  pages     = {1889--1895},
  year      = {2008},
}

@book{Lamberto1983,
   title = "Optimization theory and applications : problems with ordinary differential equations",
   author = "Cesari, Lamberto",
   series = "Applications of mathematics",
   publisher = "Springer-Verlag",
   address = "New York",
   isbn = "3-540-90676-2",
   note = "Includes index",
   year = 1983
}

@Inbook{Gomes2015,
author="Gomes, Jo{\~a}o Paulo P.
and Souza, Amauri H.
and Corona, Francesco
and Neto, Ajalmar R. Rocha",
editor="Arik, Sabri
and Huang, Tingwen
and Lai, Kin Weng
and Liu, Qingshan",
chapter="A Cost Sensitive Minimal Learning Machine for Pattern Classification",
title="Neural Information Processing: 22nd International Conference, ICONIP 2015, Istanbul, Turkey, November 9-12, 2015, Proceedings, Part I",
year="2015",
publisher="Springer International Publishing",
address="Cham",
pages="557--564",
isbn="978-3-319-26532-2",
doi="10.1007/978-3-319-26532-2_61"
}

@Inbook{Mesquita2015,
author="Mesquita, Diego Parente Paiva
and Gomes, Jo{\~a}o Paulo Pordeus
and Junior, Amauri Holanda Souza",
editor="Rojas, Ignacio
and Joya, Gonzalo
and Catala, Andreu",
chapter="Ensemble of Minimal Learning Machines for Pattern Classification",
title="Advances in Computational Intelligence: 13th International Work-Conference on Artificial Neural Networks, IWANN 2015, Palma de Mallorca, Spain, June 10-12, 2015. Proceedings, Part II",
year="2015",
publisher="Springer International Publishing",
address="Cham",
pages="142--152",
isbn="978-3-319-19222-2",
doi="10.1007/978-3-319-19222-2_12"
}

@ARTICLE{Cordella1995, 
author={L. P. Cordella and C. De Stefano and F. Tortorella and M. Vento}, 
journal={IEEE Transactions on Neural Networks}, 
title={A method for improving classification reliability of multilayer perceptrons}, 
year={1995}, 
volume={6}, 
number={5}, 
pages={1140-1147},  
doi={10.1109/72.410358}, 
ISSN={1045-9227}, 
month={Sep},}

@Inbook{Fumera2002a,
author="Fumera, Giorgio
and Roli, Fabio",
editor="Lee, Seong-Whan
and Verri, Alessandro",
chapter="Support Vector Machines with Embedded Reject Option",
title="Pattern Recognition with Support Vector Machines: First International Workshop, SVM 2002 Niagara Falls, Canada, August 10, 2002 Proceedings",
year="2002",
publisher="Springer Berlin Heidelberg",
address="Berlin, Heidelberg",
pages="68--82",
isbn="978-3-540-45665-0",
doi="10.1007/3-540-45665-1_6"
}
@article{RSousaICMLA2009,
author = {Ricardo Sousa and Beatriz Mora and Jaime S. Cardoso},
title = {An Ordinal Data Method for the Classification with Reject Option},
journal ={Machine Learning and Applications, Fourth International Conference on},
volume = {0},
isbn = {978-0-7695-3926-3},
year = {2009},
pages = {746-750},
doi = {http://doi.ieeecomputersociety.org/10.1109/ICMLA.2009.11},
publisher = {IEEE Computer Society},
address = {Los Alamitos, CA, USA},
}

@INPROCEEDINGS{Alencar2015, 
author={A. S. C. Alencar and W. L. Caldas and J. P. P. Gomes and A. H. d. Souza and P. A. C. Aguilar and C. Rodrigues and W. Franco and M. F. d. Castro and R. M. C. Andrade}, 
booktitle={2015 Brazilian Conference on Intelligent Systems (BRACIS)}, 
title={MLM-rank: A Ranking Algorithm Based on the Minimal Learning Machine}, 
year={2015}, 
pages={305-309}, 
doi={10.1109/BRACIS.2015.39}, 
month={Nov},}

@Inbook{Sousa2014,
author="Sousa, Ricardo
and Rocha Neto, Ajalmar R.
and Cardoso, Jaime S.
and Barreto, Guilherme A.",
editor="Wermter, Stefan
and Weber, Cornelius
and Duch, W{\l}odzis{\l}aw
and Honkela, Timo
and Koprinkova-Hristova, Petia
and Magg, Sven
and Palm, G{\"u}nther
and Villa, Alessandro E. P.",
chapter="Classification with Reject Option Using the Self-Organizing Map",
title="Artificial Neural Networks and Machine Learning -- ICANN 2014: 24th International Conference on Artificial Neural Networks, Hamburg, Germany, September 15-19, 2014. Proceedings",
year="2014",
publisher="Springer International Publishing",
address="Cham",
pages="105--112",
isbn="978-3-319-11179-7",
doi="10.1007/978-3-319-11179-7_14",
}

@article{Huang2006,
title = "Extreme learning machine: Theory and applications ",
journal = "Neurocomputing ",
volume = "70",
number = "1–3",
pages = "489 - 501",
year = "2006",
note = "Neural NetworksSelected Papers from the 7th Brazilian Symposium on Neural Networks (SBRN '04)7th Brazilian Symposium on Neural Networks ",
issn = "0925-2312",
author = "Guang-Bin Huang and Qin-Yu Zhu and Chee-Kheong Siew"
}

@article{ishi2000,
  author    = {H. Ishibuchi and M. Nii},
  title     = {Neural networks for soft decision making},
  journal   = {Fuzzy Sets and Systems},
  volume    = {34},
  number    = {115},
  year      = {2000},
  pages     = {121--140}
}


@Inbook{Dalitz2009,
author="C. Dalitz",
chapter="Reject Options and Confidence Measures for kNN Classifiers",
title="Document Image Analysis with the Gamera Framework",
year="2009",
publisher="Shaker Verlag",
pages="16--38",
}

@PhdThesis{Ajalmar2011,
  AUTHOR = {Ajalmar R. da Rocha Neto},
  TITLE = {SINPATCO II: Novas Estratégias de Aprendizado de Máquina para Classificação de Patologias da Coluna Vertebral},
  SCHOOL = {Universidade Federal do Cear\'a},
  type = {Doutorado},
    year      = {2011}
}




@book{cornell1987,
  author = { John A.   Cornell },
  title = {Classical and Modern Regression With Applications},
  journal = {Technometrics},
  volume = {29},
  number = {3},
  pages = {377-378},
  year = {1987},
}

@article{matias2014,
author = "Tiago Matias and Francisco Souza and Rui Araújo and Carlos Henggeler Antunes",
title = "Learning of a single-hidden layer feedforward neural network using an optimized extreme learning machine",
journal = "Neurocomputing ",
volume = "129",
pages = "428 - 436",
year = "2014"
}



@article{metropolis1953,
   author = "Metropolis, Nicholas and Rosenbluth, Arianna W. and Rosenbluth, Marshall N. and Teller, Augusta H. and Teller, Edward",
   title = "Equation of State Calculations by Fast Computing Machines",
   journal = "The Journal of Chemical Physics",
   year = "1953",
   volume = "21",
   number = "6", 
   pages = "1087-1092",
}


@article{vlado1985,
year={1985},
journal={Journal of Optimization Theory and Applications},
volume={45},
number={1},
title={Thermodynamical approach to the traveling salesman problem: An efficient simulation algorithm},
keywords={Traveling salesman problem; Monte Carlo optimization; importance sampling},
author={Černý, V},
pages={41-51},
}


@article{Kirkpatrick1983,
author = {Kirkpatrick, S. and Gelatt, C. D. and Vecchi, M. P.}, 
title = {Optimization by Simulated Annealing},
volume = {220}, 
number = {4598}, 
pages = {671-680}, 
year = {1983}, 
journal = {Science} 
}

@article{eglese1990simulated,
  title={Simulated annealing: a tool for operational research},
  author={Eglese, RW},
  journal={European journal of operational research},
  volume={46},
  number={3},
  pages={271--281},
  year={1990},
  publisher={Elsevier}
}

@incollection{simila2005,
author={Similä, Timo and Tikka, Jarkko},
title={Multiresponse Sparse Regression with Application to Multidimensional Scaling},
booktitle={Artificial Neural Networks: Formal Models and Their Applications – ICANN 2005},
series={Lecture Notes in Computer Science},
publisher={Springer Berlin Heidelberg},
pages={97-102},
volume={3697},
year={2005}
}

@INPROCEEDINGS{lahoz2011,
author={Lahoz, D. and Lacruz, B. and Mateo, P.M.},
booktitle={Hybrid Intelligent Models And Applications (HIMA), 2011 IEEE Workshop On},
title={A bi-objective micro genetic Extreme Learning Machine},
year={2011},
pages={68-75}
}

@INPROCEEDINGS{matias2013,
author={Matias, T. and Araujo, R. and Henggeler Antunes, C. and Gabriel, D.},
booktitle={Emerging Technologies Factory Automation (ETFA), 2013 IEEE 18th Conference on},
title={Genetically optimized extreme learning machine},
year={2013},
pages={1-8}
}

@INPROCEEDINGS{sharma2015,
author={Sharma, Rudranshu and Bist, Ankur Singh},
booktitle={Cognitive Computing and Information Processing (CCIP), 2015 International Conference on},
title={Genetic algorithm based weighted extreme learning machine for binary imbalance learning},
year={2015},
month={March},
pages={1-6}
}


@ARTICLE{jiahua2014, 
author={Jiahua Luo and Chi-Man Vong and Pak-Kin Wong}, 
journal={Neural Networks and Learning Systems, IEEE Transactions on}, 
title={Sparse Bayesian Extreme Learning Machine for Multi-classification}, 
year={2014}, 
month={April}, 
volume={25}, 
number={4}, 
pages={836-843} 
}

@ARTICLE{guorui2009, 
author={Guorui Feng and Guang-Bin Huang and Qingping Lin and Gay, R.}, 
journal={Neural Networks, IEEE Transactions on}, 
title={Error Minimized Extreme Learning Machine With Growth of Hidden Nodes and Incremental Learning}, 
year={2009}, 
month={Aug}, 
volume={20}, 
number={8}, 
pages={1352-1357} 
}

@article{huang2008b,
author = "Guang-Bin Huang and Ming-Bin Li and Lei Chen and Chee-Kheong Siew",
title = "Incremental extreme learning machine with fully complex hidden nodes ",
journal = "Neurocomputing ",
volume = "71",
number = "4–6",
pages = "576 - 583",
year = "2008"
}



@article{huang2008,
author = "Guang-Bin Huang and Lei Chen",
title = "Enhanced random search based incremental extreme learning machine ",
journal = "Neurocomputing ",
volume = "71",
number = "16–18",
pages = "3460 - 3468",
year = "2008"
}

@article{yoan2011,
author = "Yoan Miche and Mark van Heeswijk and Patrick Bas and Olli Simula and Amaury Lendasse",
title = "TROP-ELM: A double-regularized \{ELM\} using \{LARS\} and Tikhonov regularization ",
journal = "Neurocomputing ",
volume = "74",
number = "16",
pages = "2413 - 2421",
year = "2011",
issn = "0925-2312"
}


@ARTICLE{yoan2010,
author={Yoan Miche and Sorjamaa, A. and Bas, P. and Simula, O. and Jutten, C. and Lendasse, A.},
journal={Neural Networks, IEEE Transactions on},
title={OP-ELM: Optimally Pruned Extreme Learning Machine},
year={2010},
month={Jan},
volume={21},
number={1},
pages={158-162}
}

@article{rong2008,
author = "Hai-Jun Rong and Yew-Soon Ong and Ah-Hwee Tan and Zexuan Zhu",
title = "A fast pruned-extreme learning machine for classification problem ",
journal = "Neurocomputing ",
volume = "72",
number = "1–3",
pages = "359 - 366",
year = "2008",
issn = "0925-2312"
}


@article{gestel2004,
author={van Gestel, Tony and Suykens, JohanA.K. and Baesens, Bart and Viaene, Stijn and Vanthienen, Jan and Dedene, Guido and de Moor, Bart and Vandewalle, Joos},
title={Benchmarking Least Squares Support Vector Machine Classifiers},
journal={Machine Learning},
volume={54},
number={1},
year={2004},
pages={5-32},
}


@Book{suykens2002fslssvm,
  author =   {J. A. K. Suykens, T. Van Gestel, J. De Brabanter, B. De Moor, J. Vandewalle},
  ALTeditor =    {World Scientific Pub. Co.},
  title =    {Least Squares Support Vector Machines (ISBN 981-238-151-1)},
  publisher =    {Publisher},
  year =   {2002},
}

@Article{lu2003,
  author =   {Lu C. and Van Gestel T. and Suykens J.A.K. and Van Huffel S. and Vergote I. and Timmerman D.},
  title =    {Preoperative prediction of malignancy of ovarium tumor using least squares support vector machines},
  journal =  {Artificial Intelligence in Medicine},
  year =   {2003},
  volume =   {28},
  number =   {3},
  pages =    {281--306}
}

@incollection{dubois2013,
author={Jeremie Dubois-Lacoste and Manuel Lopez-Ibanez and Thomas Stutzle},
title={Combining Two Search Paradigms for Multi-objective Optimization: Two-Phase and Pareto Local Search},
year={2013},
booktitle={Hybrid Metaheuristics},
volume={434},
pages={97-117}
}

@incollection{padilha2012,
author={C. Padilha, Adri�oD�ria Neto , J. Melo},
title={Random Subspace Method and Genetic Algorithm Applied to a LS-SVM Ensemble},
year={2012},
booktitle={Artificial Neural Networks and Machine Learning � ICANN 2012},
volume={7553},
series={Lecture Notes in Computer Science},
pages={164-171}
}


@article{shaojiang2013,
author = "Shaojiang Dong and Tianhong Luo",
title = "Bearing degradation process prediction based on the {PCA} and optimized {LS-SVM} model ",
journal = "Measurement ",
volume = "46",
number = "9",
pages = "3143 - 3152",
year = "2013" 
}

@INPROCEEDINGS{mousavi2011, 
author={Mousavi, S.M. and Iranmanesh, S.H.}, 
booktitle={Communication Software and Networks (ICCSN), 2011 IEEE 3rd International Conference on}, 
title={Least squares support vector machines with genetic algorithm for estimating costs in NPD projects}, 
year={2011}, 
month={May}, 
pages={127-131}, 
keywords={costing;genetic algorithms;least squares approximations;product development;project management;support vector machines;LS-SVM;NPD projects;cost estimation;estimation error;generalization capability;genetic algorithm;least square support vector machines;new product development;Computational modeling;Load modeling;Predictive models;Programming;Software;New product development;cost estimation;genetic algorithm;least squares support vector machine}, 
doi={10.1109/ICCSN.2011.6014864},}

@article{dosSantos2012,
author = "Glauber Souto dos Santos and Luiz Guilherme Justi Luvizotto and Viviana Cocco Mariani and Leandro dos Santos Coelho",
title = "Least squares support vector machines with tuning based on chaotic differential evolution approach applied to the identification of a thermal process ",
journal = "Expert Systems with Applications ",
volume = "39",
number = "5",
pages = "4805 - 4812",
year = "2012"
}


@article{ren2010,
  title={Determination of optimal SVM parameters by using GA/PSO},
  author={Ren, Yuan and Bai, Guangchen},
  journal={Journal of Computers},
  volume={5},
  number={8},
  pages={1160--1168},
  year={2010}
}

@article{aydin2011multi,
  title={A multi-objective artificial immune algorithm for parameter optimization in support vector machine},
  author={Aydin, Ilhan and Karakose, Mehmet and Akin, Erhan},
  journal={Applied Soft Computing},
  volume={11},
  number={1},
  pages={120--129},
  year={2011},
  publisher={Elsevier}
}

@article{xiaoLi2010,
author = "XiaoLi Zhang and XueFeng Chen and ZhengJia He",
title = "An ACO-based algorithm for parameter optimization of support vector machines ",
journal = "Expert Systems with Applications ",
volume = "37",
number = "9",
pages = "6618 - 6628",
year = "2010"
}



@article{jian2011,
author = "Jian Huang and Xiaoguang Hu and Fan Yang",
title = "Support vector machine with genetic algorithm for machinery fault diagnosis of high voltage circuit breaker ",
journal = "Measurement ",
volume = "44",
number = "6",
pages = "1018 - 1027",
year = "2011"
}



@INPROCEEDINGS{samadzadegan2010, 
author={Samadzadegan, F. and Soleymani, A and Abbaspour, R.A}, 
booktitle={Computational Intelligence and Informatics (CINTI), 2010 11th International Symposium on}, 
title={Evaluation of Genetic Algorithms for tuning SVM parameters in multi-class problems}, 
year={2010},
pages={323-328}
}

@ARTICLE{leung2003, 
author={Leung, F. H F and Lam, H.K. and Ling, S.H. and Tam, P.K.-S.}, 
journal={Neural Networks, IEEE Transactions on}, 
title={Tuning of the structure and parameters of a neural network using an improved genetic algorithm}, 
year={2003}, 
month={Jan}, 
volume={14}, 
number={1}, 
pages={79-88}
}

@inproceedings{brain2010,
  title={Using Meta-Genetic Algorithms to tune parameters of Genetic Algorithms to find lowest energy Molecular Conformers.},
  author={Brain, Zoe E and Addicoat, Matthew A},
  booktitle={ALIFE},
  pages={378--385},
  year={2010}
}


@article{ramirez2012,
author = "Alberto E. Ram�rez Palencia and Gonzalo E. Mej�a Delgadillo",
title = "A computer application for a bus body assembly line using Genetic Algorithms ",
journal = "International Journal of Production Economics ",
volume = "140",
number = "1",
pages = "431 - 438",
year = "2012"
}

@article{alvarez2012,
author = "Daniel Alvarez and Roberto Hornero and J. Victor Marcos and Felix del Campo",
title = "Feature selection from nocturnal oximetry using genetic algorithms to assist in obstructive sleep apnoea diagnosis",
journal = "Medical Engineering \& Physics",
volume = "34",
number = "8",
pages = "1049 - 1057",
year = "2012"
}



@incollection{farago2014,
author={P. Farag\'{o} and C. Farag\'{o} and S. Hintea and M. C\^{i}rlugea},
title={An Evolutionary Multi-objective Optimization Approach to Design the Sound Processor of a Hearing Aid},
booktitle={International Conference on Advancements of Medicine and Health Care through Technology},
volume={44},
year={2014},
pages={181-186}
}


@ARTICLE{jauhari2014, 
author={Jauhari, S. and Rizvi, S.AM.}, 
journal={Computational Biology and Bioinformatics, IEEE/ACM Transactions on}, 
title={Mining Gene Expression Data Focusing Cancer Therapeutics: A Digest}, 
year={2014},  
volume={11}, 
number={3}, 
pages={533-547} 
}

@incollection{dubois2013,
author={Dubois-Lacoste, J�r�mie and L�pez-Ib��ez, Manuel and St�tzle, Thomas},
title={Combining Two Search Paradigms for Multi-objective Optimization: Two-Phase and Pareto Local Search},
year={2013},
booktitle={Hybrid Metaheuristics},
volume={434},
series={Studies in Computational Intelligence},
pages={97-117}
}

@ARTICLE{Lean2009,
author={Lean Yu and Huanhuan Chen and Shouyang Wang and Kin Keung Lai},
journal={IEEE Trans. on Evolutionary Computation},
title={Evolving Least Squares {SVM} for Stock Market Trend Mining},
year={2009},
volume={13},
number={1},
pages={87-102}
}

@ARTICLE{mustafa2012,
author={Mustafa, M.W. and Sulaiman, M.H. and Shareef, H. and Khalid, S.N.A.},
journal={ IET Generation, Transmission \& Distribution},
title={Reactive power tracing in pool-based power system utilising the hybrid genetic algorithm and least squares {SVM}},
year={2012},
volume={6},
number={2},
pages={133-141}
}

@Book{egan1975,
  author =   {J.P. Egan},
  editor =   {Editor},
  title   =    {Signal Detection Theory and ROC Analysis},
  publisher =    {Academic Press},
  address = {New York},
  year =   {1975}
}

@misc{jgap,
  author =   {K. Melffert and N. Rotstan},
  title =    {{JGAP} - {J}ava {G}enetic {A}lgorithms {P}ackage},
  howpublished = {http://jgap.sourceforge.net/}
}

@INPROCEEDINGS{valyon2004,
author={Valyon, J. and Horvath, G.},
booktitle={Proceedings of IEEE International Joint Conference on Neural Networks, 2004. }, 
title={A sparse least squares support vector machine classifier},
year={2004},
volume={1},
pages={-548},
}

@INPROCEEDINGS{yu2003, 
 author    = {H. Yu and J. Yang and J. Han}, 
 booktitle = {Proceedings of the 9th {ACM SIGKDD} International Conference on Knowledge Discovery and Data Mining ({KDD}'03)}, 
 title     = {Classifying large data sets using {SVM} with hierarchical clusters}, 
 year      = {2003},
 pages     = {306--315}
} 

@InCollection{kohonen2003,
 author    = {T. Kohonen},
 title     = {Learning Vector Quantization},
 booktitle = {The Handbook of Brain Theory and Neural Networks},
 pages     = {631--635},
 publisher = {MIT Press},
 year      = {2003},
 editor    = {M. A. Arbib}
}


@INPROCEEDINGS{balczar2001, 
 author    = {J. L. Balczar and Y. Dai and O. Watanabe}, 
 title     = {A random sampling technique for training support vector machines}, 
 booktitle = {Proceedings of the 12th International Conference on Algorithmic Learning Theory ({ALT}'01)}, 
 year      = {2001},
 pages     = {119--134}
}

@article{carletta1996, 
 author  = {J. Carletta}, 
 title   = {Assessing agreement on classification tasks: The kappa statistic.}, 
 journal = {Computational Linguistics}, 
 volume  = {22},
 number  = {2},
 pages   = {249�-254},
 year    = {1996}
}

@article{cohen1960, 
 author  = {J. A. Cohen}, 
 title   = {Coefficient of agreement for nominal scales}, 
 journal = {Educational and Psychological Measurement}, 
 volume  = {20},
 number  = {1},
 pages   = {37�-46},
 year    = {1960}
}

@article{tong2001, 
 author  = {S. Tong and D. Koller}, 
 title   = {Support vector machine active learning with applications to text classification}, 
 journal = {Journal of Machine Learning Research}, 
 volume  = {2},
 pages   = {45--66},
 year    = {2001}
}

@INPROCEEDINGS{jin2006, 
 author    = {B. Jin and Y.-Q. Zhang}, 
 title     = {Classifying Very Large Data Sets with Minimum Enclosing Ball Based Support Vector Machine}, 
 booktitle = {Proceedings of 2006 IEEE International Conference on Fuzzy Systems}, 
 year      = {2006},
 pages     = {364--368}
}

@INPROCEEDINGS{xiong2005, 
 author    = {S.-W. Xiong and X.-X. Niu and H.-B. Liu}, 
 title     = {Support vector machines based on substractive clustering}, 
 booktitle = {Proceedings of 2005 International Conference on Machine Learning and Cybernetics}, 
 year      = {2005},
 volume    = {7},
 pages     = {4345--4350}
}

@ARTICLE{pedreira2006,
 author   = {C. E. Pedreira},
 journal  = {IEEE Transactions on Pattern Analysis and Machine Intelligence}, 
 title    = {Learning Vector Quantization with Training Data Selection},
 year     = {2006},
 volume   = {28},
 number   = {1},
 pages    = {157--162}
}

@ARTICLE{pedreira2009,
 author   = {R.T. Peres and C. E. Pedreira},
 journal  = {IEEE Transactions on Pattern Analysis and Machine Intelligence}, 
 title    = {Generalized Risk Zone: Selecting Observations for Classification},
 year     = {2009},
 volume   = {31},
 number   = {7},
 pages    = {1331--1337}
}

@Book{nisbet2009,
 title     = {Handbook of Statistical Analysis \& Data Mining Applications},
 publisher = {Academic Press},
 year      = {2009},
 author    = {R. Nisbet and J. Elder and G. Miner}
}

@INPROCEEDINGS{linda2009, 
 author    = {O. Linda and M. Manic}, 
 booktitle = {Proceedings of the IEEE International Joint Conference on Neural Networks ({IJCNN}'2009)}, 
 title     = {{GNG-SVM} framework - Classifying Large Datasets with Support Vector Machines using Growing Neural Gas}, 
 year      = {2009}, 
 pages     = {1820--1826}
} 

@ARTICLE{geebelen2012,
 author   = {D. Geebelen and J. A. K. Suykens and J. Vandewalle},
 journal  = {IEEE Transactions on Neural Networks and Learning Systems}, 
 title    = {Reducing the Number of Support Vectors of {SVM} Classifiers Using the Smoothed Separable Case Approximation},
 year     = {2012},
 volume   = {23},
 number   = {4},
 pages    = {682--688}
}

@ARTICLE{thies2004,
 author   = {T. Thies and F. Weber},
 journal  = {Neural Computation}, 
 title    = {Optimal Reduced-Set Vectors for Support Vector Machines with a Quadratic Kernel},
 year     = {2004},
 volume   = {16},
 number   = {9},
 pages    = {1769--1777}
}


@ARTICLE{kogga2004,
 author   = {R. Koggalage and S. Halgamuge},
 journal  = {Neural Information Processing - Letters and Reviews}, 
 title    = {Reducing the Number of Training Samples for Fast Support Vector Machine Classification},
 year     = {2004},
 volume   = {2},
 number   = {3},
 pages    = {57--65}
}

 
@inproceedings{nguyen2010,
  author    = {G. H. Nguyen and S. Phung and A. Bouzerdoum},
  title     = {Efficient {SVM} training with reduced weighted samples},
  booktitle = {Proceedings of the 2010 IEEE World Congress on Computational Intelligence ({WCCI}'2010)},
  year      = {2010},
  pages     = {1764--1768}
}

@inproceedings{suykens2000b,
  author    = {J. A. K. Suykens and L. Lukas and J. Vandewalle},
  title     = {Sparse Least Squares Support Vector Machine Classifiers},
  booktitle = {Proceedings of the 8th European Symposium on Artificial Neural Networks ({ESANN}'00)},
  year      = {2000},
  pages     = {37--42}
}

@inproceedings{blachnik2011,
 author    = {M. Blachnik and M. Kordos},
 title     = {Simplifying {SVM} with weighted {LVQ} algorithm},
 booktitle = {Proceedings of the 12th International Conference on Intelligent Data Engineering and Automated Learning ({IDEAL}'2011},
 year      = {2011},
 pages     = {212--219},
 publisher = {Springer}
} 

@inproceedings{fung2001,
author    = "G. Fung and O. L. Mangasarian",
title     = "Proximal Support Vector Machine Classifiers",
editor    = "F. Provost and R. Srikant",
booktitle = "Proceedings of the 7th {ACM} {SIGKDD} International Conference on Knowledge Discovery and Data Mining ({KDD}'01)",
year      = "2001",
pages     = "77--86"
}

@InProceedings{mangasarian2000gsv,
  author    = {O. L. Mangasarian},
  title     = {Generalized Support Vector Machines},
  booktitle = {Advances in Large Margin Classifiers},
  pages     = {135--146},
  year      = {2000},
  editor    = {A. J. Smola, P. Bartlett, B. Sch\"{o}lkopf and D. Schuurmans},
  publisher = {MIT Press}
}


@InCollection{wang2007,
 author    = {J. Wang and P. Neskovic and L. N. Cooper},
 title     = {Selecting Data for Fast Support Vector Machines Training},
 booktitle = {Trends in Neural Computation},
 series    = {Studies in Computational Intelligence ({SCI})},
 pages     = {61--84},
 publisher = {Springer},
 year      = {2007},
 editor    = {K. Shen and L. Wang},
 volume    = {35}
}


@Article{Lee2001ass,
  author =   {Y.-J. Lee and O. L. Mangasarian},
  title =    {{SSVM}: A Smooth Support Vector Machine for Classification},
  journal =    {Computational Optimization and Applications},
  year =   {2001},
  volume =   {20},
  number =   {1},
  pages =  {5--22}
}

@inproceedings{lee2001rsv,
    author      = "Y.-J. Lee and O. L. Mangasarian",
    title       = "{RSVM}: Reduced Support Vector Machines",
    booktitle   = "Proceedings of the 1st {SIAM} International Conference on Data Mining",
    month       = "April",
    year        = "2001",
    note        = "ftp://ftp.cs.wisc.edu/pub/dmi/tech-reports/00-07.ps"
}

@InProceedings{burges1996,
  author =       "C. J. C. Burges",
  title =        "Simplified support vector decision rules",
  booktitle =    "Proceedings of the 13th International Conference on Machine Learning ({ICML}'96)",
  publisher =    "Morgan Kaufmann",
  year =         "1996",
  pages =        "71--77"
}

@InBook{scholkopf2002,
  author    = "B. Sch{\"o}lkopf and A. J. Smola",
  title     = "Learning with kernels: Support Vector Machines, Regulation, Optimization, and Beyond.",
  publisher = "MIT Press",
  chapter   = "18",
  address   = "Cambridge MA",
  year      = "2002"
}

@article{scholkopf1999isv,
  author  =  {B. Sch{\"o}lkopf and S. Mika and C.J.C. Burges and P. Knirsch and K.-R. M{\"u}ller and G. R{\"a}tsch and A. J. Smola},
  title   =  {Input Space Versus Feature Space in Kernel-Based Methods},
  journal   =  {IEEE Transactions on Neural Networks},
  volume  =  {10},
  number  =  {5},
  year    =  {1999},
  pages   =  {1000--1017}
}


@InCollection{fritzke95,
  author    = "B. Fritzke",
  title     = "A growing neural gas network learns topologies",
  booktitle = "Advances in Neural Information Processing Systems 7",
  publisher = "MIT Press",
  pages     = "625--632",
  address   = "Cambridge MA",
  year      = "1995"
}

@article{steinwart2003,
 author  = {I. Steinwart},
 title   = {Sparseness of support vector machines},
 journal = {Journal of Machine Learning Research},
 volume  = {4},
 year    = {2003},
 pages   = {1071--1105}
}

@article{carvalho2009,
 author  = {B. P. R. Carvalho and A. P. Braga},
 title   = {{IP-LSSVM}: A two-step sparse classifier},
 journal = {Pattern Recognition Letters},
 volume  = {30},
 issue   = {16},
 year    = {2009},
 pages   = {1507--1515}
}

@article{amorim2012,
 author  = {R. C. Amorim and B. Mirkin},
 title   = {Minkowski metric, feature weighting and anomalous cluster initializing in {K-Means} clustering},
 journal = {Pattern Recognition},
 volume  = {45},
 issue   = {3},
 year    = {2012},
 pages   = {1061--1075}
}

@Article{kohonenIEEE90,
  author   = {T. Kohonen},
  title    = {The Self-Organizing Map},
  journal  = {Proceedings of the {IEEE}},
  year     = {1990},
  volume   = {78},
  number   = {9},
  pages    = {1464--1480}
}

@ARTICLE{girolami2002,
author   = {M. Girolami},
journal  = {IEEE Transactions on Neural Networks}, 
title    = {Mercer Kernel-Based Clustering in Feature Space},
year     = {2002},
volume   = {13},
number   = {3},
pages    = {780--784}
}

@ARTICLE{kanugo2002,
author   = {T. Kanungo and D. M. Mount and N. S. Netanyahu and C. D. Piatko and R. Silverman and A. Y. Wu},
journal  = {IEEE Transactions on Pattern Analysis and Machine Intelligence}, 
title    = {An efficient k-means clustering algorithm: Analysis and implementation},
year     = {2002},
volume   = {24},
number   = {7},
pages    = {881--892}
}

@ARTICLE{ajalmar2009,
author   = {A. R. {Rocha Neto} and G. A. Barreto},
journal  = {IEEE Latin America Transactions}, 
title    = {On the Application of Ensembles of Classifiers to the Diagnosis of Pathologies of the Vertebral Column: A Comparative Analysis},
year     = {2009},
volume   = {7},
number   = {4},
pages    = {487--496}
}

@article{ajalmar2013,
title={Opposite Maps: Vector Quantization Algorithms for Building Reduced-Set SVM and LSSVM Classifiers},
author={Rocha Neto, Ajalmar and Barreto, Guilherme A.},
journal={Neural Processing Letters},
volume={37},
number={1},
year={2013},
pages={3-19}
}

@INPROCEEDINGS{ajalmar2013brics, 
author={Peixoto Silva, J. and Da Rocha Neto, A.R.}, 
booktitle={Computational Intelligence and 11th Brazilian Congress on Computational Intelligence (BRICS-CCI CBIC), 2013 BRICS Congress on}, 
title={Sparse Least Squares Support Vector Machines via Genetic Algorithms}, 
year={2013}, 
pages={248-253} 
}

@InProceedings{macqueen1967,
 author    = {J. B. {MacQueen}},
 title     = {Some Methods for classification and Analysis of Multivariate Observations},
 booktitle = {Proceedings of 5th Berkeley Symposium on Mathematical Statistics and Probability},
 pages     = {281--297},
 year      = {1967},
 volume    = {1},
 publisher = {University of California Press}
}

@InProceedings{damato2004,
 author    = {L. {D'Amato} and J. A. Moreno and R. Mujica},
 title     = {Reducing the Complexity of Kernel Machines with Neural Growing Gas in Feature Space},
 booktitle = {Proceedings of the IX Ibero-American Artificial Intelligence Conference ({IBERAMIA}'04)},
 pages     = {799-808},
 year      = {2004},
 volume    = {{LNAI}-3315},
 publisher = {Springer}
}


@inproceedings{hoegaerts2004,
  author    = {L. Hoegaerts and J. A. K. Suykens and J. Vandewalle and B. {De Moor}},
  title     = {A comparison of pruning algorithms for sparse least squares support vector machines},
  booktitle   = {Proceedings of the 11th International Conference on Neural Information Processing ({ICONIP}'04)},
  year    = {2004},
  pages     = {22--25}
}

@inproceedings{suykens2000,
  author    = {J. A. K. Suykens and L. Lukas and J. Vandewalle},
  title     = {Sparse approximation using least squares support vector machines},
  booktitle   = {Proceedings of 2000 IEEE International Symposium on Circuits and Systems},
  year    = {2000},
  pages     = {757--760},
  address   = {Geneva, Switzerland},
}

@article{li2006,
 author   = {Y. Li and C. Lin and W. Zhang},
 title    = {Improved sparse least-squares support vector machine classifiers},
 journal  = {Neurocomputing},
 volume   = {69},
 issue    = {13-15},
 year     = {2006},
 pages    = {1655--1658},
} 



@article{downs2002,
 author   = {T. Downs and K. E. Gates and A. Masters},
 title    = {Exact simplification of support vector solutions},
 journal  = {Journal of Machine Learning Research},
 volume   = {2},
 year     = {2002},
 pages    = {293--297}
} 


@inproceedings{tang2006,
  author    = {B. Tang and D. Mazzoni},
  title     = {Multiclass reduced-set support vector machines},
  booktitle   = {Proceedings of the 23rd International Conference on Machine Learning ({ICML}'2006)},
  year    = {2006},
  pages     = {921--928}
} 


@inproceedings{hussain2008, 
  author    = "A. Hussain and S. Shahbudin and H. Husain and S. A. Samad and N. M. Tahir", 
  title   = "Reduced set support vector machines: Application for 2-dimensional datasets", 
  booktitle   = "Proceedings of the 2nd International Conference on Signal Processing and Communication Systems ({ICSPCS}'08)", 
  pages           = "1--4",
  year    = "2008"
}

@book{cristianini2000,
 author   = {N. Cristianini and J. Shawe-Taylor},
 title    = {An introduction to support vector machines: and other kernel-based learning methods},
 year     = {2000},
 publisher  = {Cambridge University Press},
 address  = {New York, NY, USA},
} 


@Article{suykens1999,
  author =   {J. A. K. Suykens and J. Vandewalle},
  title =  {Least squares support vector machine classifiers},
  journal =  {Neural Processing Letters},
  year =   {1999},
  volume =   {9},
  number =   {3},
  pages =  {293--300}
}


@Book{vapnik1998,
  author  =   "V.~N.~Vapnik",
  title   = "Statistical Learning Theory",
  publisher     = "Wiley-Interscience",
  year    =   "1998"
}


@Book{vapnik1995,
  author  =   "V.~N.~Vapnik",
  title   = "The Nature of Statistical Learning Theory",
  publisher     = "Springer",
  year    =   "1995",
  address   =   "New York"
}


@inproceedings{mercer1909,
  author    = {J. Mercer},
  title     = {Functions of positive and negative types and their connection with the theory of integral equations},
  year      = {1909},
  booktitle     = {Transactions of the London Philosophical Society},
  volume    = {A},
  number    = {415--446},
  series    = {209}
}

@Book{kohonen1997,
  author  =    {T. K. Kohonen},
  title   =    {Self-Organizing Maps},
  publisher   =    {Springer},
  year    =    {1997},
}

@incollection{platt1999,
  Author    = {J. C. Platt},
  Title     = {Fast training of support vector machines using sequential minimal optimization},
  Booktitle   = {Advances in Kernel Methods - Support Vector Learning},
  Journal   = {Advances in Kernel Methods - Support Vector Learning},
  Publisher   = {MIT Press},
  Address   = {Cambridge, MA, USA},
  Year    = {1999}
}

@inproceedings{li2005,
  title     = {Mining risk patterns in medical data},
  author    = {Li, J. and Fu, A.W. and He, H. and Chen, J. and Jin, H. and McAullay, D. and Williams, G. and Sparks, R. and Kelman, C.},
  booktitle   = {Proceedings of the 11th ACM SIGKDD International Conference on Knowledge Discovery in Data Mining},
  pages     = {770--775},
  year      = {2005},
  organization  = {ACM}
}

@article{kaur2006,
  title     = {Empirical study on applications of data mining techniques in healthcare},
  author    = {Kaur, H. and Wasan, S.K.},
  journal   = {Journal of Computer Science},
  volume    = {2},
  number    = {2},
  pages     = {194--200},
  year      = {2006}
}

@article{dreau2001,
  title     = {Identification of patients at high cardiovascular risk: a critical appraisal of applicability of statistical risk prediction models},
  author    = {Dr\'eau, H. and Colombet, I. and Degoulet, P. and Chatellier, G. and others},
  journal   = {Methods of Information in Medicine},
  volume    = {40},
  number    = {1},
  pages     = {6--11},
  year      = {2001},
  publisher   = {Stuttgart FK Schattauer}
}

@inproceedings{chen2005,
  title     = {Representing association classification rules mined from health data},
  author    = {Chen, J. and He, H. and Li, J. and Jin, H. and McAullay, D. and Williams, G. and Sparks, R. and Kelman, C.},
  booktitle   = {Knowledge-Based Intelligent Information and Engineering Systems},
  pages     = {173--173},
  year      = {2005},
  organization  = {Springer}
}

@article{andersson2011,
  title     = {Prediction of Severe Acute Pancreatitis at Admission to Hospital Using Artificial Neural Networks},
  author    = {Andersson, B. and Andersson, R. and Ohlsson, M. and Nilsson, J.},
  journal   = {Pancreatology},
  volume    = {11},
  number    = {3},
  pages     = {328--335},
  year      = {2011},
  publisher   = {Karger Publishers}
}

@article{spencer2011,
  title     = {Using Genetic Variation and Environmental Risk Factor Data to Identify Individuals at High Risk for Age-Related Macular Degeneration},
  author    = {Spencer, K.L. and Olson, L.M. and Schnetz-Boutaud, N. and Gallins, P. and Agarwal, A. and Iannaccone, A. and Kritchevsky, S.B. and Garcia, M. and Nalls, M.A. and Newman, A.B. and others},
  journal   = {PloS one},
  volume    = {6},
  number    = {3},
  year      = {2011},
  publisher   = {Public Library of Science}
}

@article{eagle2010,
  title   = {Identifying patients at high risk of a cardiovascular event in the near future},
  author  = {Eagle, K.A. and Ginsburg, G.S. and Musunuru, K. and Aird, W.C. and Balaban, R.S. and Bennett, S.K. and Blumenthal, R.S. and Coughlin, S.R. and Davidson, K.W. and Frohlich, E.D. and others},
  journal = {Circulation},
  volume  = {121},
  number  = {12},
  pages   = {1447--1454},
  year    = {2010},
  publisher = {Am Heart Assoc}
}

@article{ayer2010,
  title   = {Comparison of Logistic Regression and Artificial Neural Network Models in Breast Cancer Risk Estimation1},
  author  = {Ayer, T. and Chhatwal, J. and Alagoz, O. and Kahn Jr, C.E. and Woods, R.W. and Burnside, E.S.},
  journal = {Radiographics},
  volume  = {30},
  number  = {1},
  pages   = {13--22},
  year    = {2010},
  publisher = {Radiological Society of North America}
}

@book{duncan2011,
  title   = {Healthcare Risk Adjustment and Predictive Modeling},
  author  = {Duncan, I.},
  year    = {2011},
  publisher = {ACTEX Publications, Inc.}
}

@book{haykin2009,
  title   = {Neural networks and learning machines},
  author  = {Haykin, S.S.},
  edition = {3},
  year    = {2009},
  publisher = {Prentice Hall}
}

@inproceedings{van2007,
  title     = {Experimental perspectives on learning from imbalanced data},
  author    = {Van Hulse, J. and Khoshgoftaar, T.M. and Napolitano, A.},
  booktitle   = {Proceedings of the 24th international conference on Machine Learning},
  pages     = {935--942},
  year      = {2007},
  organization  = {ACM}
}

@article{berger2010,
  title   = {Screening for cardiovascular risk in asymptomatic patients},
  author  = {Berger, J.S. and Jordan, C.O. and Lloyd-Jones, D. and Blumenthal, R.S.},
  journal = {Journal of the American College of Cardiology},
  volume  = {55},
  number  = {12},
  pages   = {1169--1177},
  year    = {2010},
  publisher = {Elsevier}
}

@misc{brasil2006,
  title   = {Hipertens\~ao arterial sist\^emica para o Sistema \'Unico de Sa\'ude},
  author  = {Brasil},
  year    = {2006},
  note = {{Minist\'erio da Sa\'ude}, Secretaria de Aten\c{c}\~ao \`a Sa\'ude, Departamento de Aten\c{c}\~ao B\'asica}
}

@ARTICLE{shynk1990,
  AUTHOR  = {J. J. Shynk},
  TITLE   = {Performance surfaces of a single-layer Perceptron},
  JOURNAL = {IEEE Transactions on Neural Networks},
  YEAR    = {1990},
  volume  = {1},
  number  = {3},
  pages   = {268--274} 
}


@Article{rosen1958,
  author   = {F. Rosenblatt},
  title    = {The Perceptron: A Probabilistic Model for Information Storage and Organization in the Brain},
  journal  = {Psychological Review},
  year     = {1958},
  volume   = {65},
  number   = {6},
  pages    = {386--408}
}


@article{LMS2005,
  author    = {B. Widrow},
  title     = {Thinking About Thinking: The Discovery of the {LMS} Algorithm},
  journal   = {IEEE Signal Processing Magazine},
  year      = {2005},
  volume    = {22},
  number    = {1},
  pages     = {100--106}
}


@Article{lendasse2010,
  author   = {Y. Miche and A. Sorjamaa and P. Bas and O. Simula and C. Jutten and A. Lendasse},
  title    = {{OP-ELM}: Optimally Pruned Extreme Learning Machine},
  journal  = {IEEE Transactions on Neural Networks},
  year     = {2010},
  volume   = {21},
  number   = {1},
  pages    = {158--162}
}

@article{huang2006,
  title={Extreme learning machine: theory and applications},
  author={Huang, Guang-Bin and Zhu, Qin-Yu and Siew, Chee-Kheong},
  journal={Neurocomputing},
  volume={70},
  number={1},
  pages={489--501},
  year={2006},
  publisher={Elsevier}
}

% Referências dos testes estatísticos
@article{demvsar2006,
  title={Statistical comparisons of classifiers over multiple data sets},
  author={Dem{\v{s}}ar, Janez},
  journal={The Journal of Machine Learning Research},
  volume={7},
  pages={1--30},
  year={2006},
  publisher={JMLR. org}
}
@article{iman1980,
  title={Approximations of the critical region of the fbietkan statistic},
  author={Iman, Ronald L and Davenport, James M},
  journal={Communications in Statistics-Theory and Methods},
  volume={9},
  number={6},
  pages={571--595},
  year={1980},
  publisher={Taylor \& Francis}
}
@book{neter1996,
  title={Applied linear statistical models},
  author={Neter, John and Kutner, Michael H and Nachtsheim, Christopher J and Wasserman, William},
  volume={4},
  year={1996},
  publisher={Irwin Chicago}
}
@book{milliken2009,
  title={Analysis of messy data volume 1: designed experiments},
  author={Milliken, George A and Johnson, Dallas E},
  volume={1},
  year={2009},
  publisher={CRC Press}
}

@article{myers2000,
  title={Classical and modern regression with applications (Duxbury Classic)},
  author={Myers, Raymond H},
  journal={Duxbury Press, Pacific Grove},
  year={2000}
}


@article{demsar2006,
  title={Statistical comparisons of classifiers over multiple data sets},
  author={Dem{\v{s}}ar, Janez},
  journal={The Journal of Machine Learning Research},
  volume={7},
  pages={1-30},
  year={2006},
  publisher={JMLR. org}
}

@misc{lichman2013,
  author = "M. Lichman",
  year = "2013",
  title = "{UCI} Machine Learning Repository",
  institution = "University of California, Irvine, School of Information and Computer Sciences"
}

@article{souza2015,
  author    = {Amauri Holanda de Souza Junior and
               Francesco Corona and
               Guilherme De A. Barreto and
               Yoan Mich{\'{e}} and
               Amaury Lendasse},
  title     = {Minimal Learning Machine: {A} novel supervised distance-based approach
               for regression and classification},
  journal   = {Neurocomputing},
  volume    = {164},
  pages     = {34--44},
  year      = {2015},
  doi       = {10.1016/j.neucom.2014.11.073},
  timestamp = {Thu, 28 May 2015 10:14:38 +0200},
  biburl    = {http://dblp.uni-trier.de/rec/bib/journals/ijon/JuniorCBML15},
  bibsource = {dblp computer science bibliography, http://dblp.org}
}

@article{LM1963,
  author = {Marquardt, Donald W.},
  journal = {SIAM Journal on Applied Mathematics},
  number = 2,
  pages = {431--441},
  publisher = {SIAM},
  volume = 11,
  year = 1963
}

@inproceedings{Mesquita2015,
  author = {Mesquita, Diego Parente Paiva and Gomes, Jo\~{a}o Paulo Pordeus and {Souza Junior}, Amauri Holanda},
  booktitle = {International Workconference on Artificial Neural Networks},
  editor = {Rojas, Ignacio and Caparrós, Gonzalo Joya and Català, Andreu},
  pages = {142-152},
  publisher = {Springer},
  series = {Lecture Notes in Computer Science},
  title = {Ensemble of Minimal Learning Machines for Pattern Classification.},
  volume = 9095,
  year = 2015
}

@inproceedings{Gomes2015,
  author = {Gomes, João Paulo Pordeus and {Souza Junior}, A H. and Corona, Francesco and Neto, Ajalmar R. Rocha},
  booktitle = {International Conference on Neural Information Processing (ICONIP)},
  editor = {Arik, Sabri and Huang, Tingwen and Lai, Weng Kin and Liu, Qingshan},
  pages = {557-564},
  publisher = {Springer},
  series = {Lecture Notes in Computer Science},
  title = {A Cost Sensitive Minimal Learning Machine for Pattern Classification.},
  volume = 9489,
  year = 2015
}

@inproceedings{SouzaJunior2013,
 author = {de Souza Junior, Amauri Holanda and Corona, Francesco and Miche, Yoan and Lendasse, Amaury and Barreto, Guilherme A. and Simula, Olli},
 title = {Minimal Learning Machine: A New Distance-based Method for Supervised Learning},
 booktitle = {Proceedings of the 12th International Conference on Artificial Neural Networks: Advances in Computational Intelligence - Volume Part I},
 series = {IWANN'13},
 year = {2013},
 location = {Puerto de la Cruz, Tenerife, Spain},
 pages = {408--416},
 numpages = {9},
 publisher = {Springer-Verlag},
 address = {Berlin, Heidelberg},
} 


@INPROCEEDINGS{Coelho2014, 
author={Coelho, D.N. and Barreto, G.A. and Medeiros, C.M.S. and Santos, J.D.A.}, 
booktitle={IEEE Symposium on Computational Intelligence for Engineering Solutions (CIES)}, 
title={Performance comparison of classifiers in the detection of short circuit incipient fault in a three-phase induction motor}, 
year={2014}, 
pages={42-48},  
month={Dec},}

@INPROCEEDINGS{Arlandis2002,
author={Arlandis, J. and Perez-Cortes, J.C. and Cano, J.},
booktitle={Pattern Recognition, 2002. Proceedings. 16th International Conference on},
title={Rejection strategies and confidence measures for a k-NN classifier in an OCR task},
year={2002},
volume={1},
pages={576-579 vol.1},
doi={10.1109/ICPR.2002.1044806},
ISSN={1051-4651},
month={},}

@article{Chow1970,
        author  = {C. Chow},
        title   = {On optimum recognition error and reject tradeoff},
        journal = {IEEE Transactions on Information Theory},
        volume  = {16},
        number  = {1},
        pages   = {41-46},
        year    = {1970}
}
@inproceedings{RochaNeto2011,
 author = {da Rocha Neto, Ajalmar R. and Sousa, Ricardo and de A. Barreto, Guilherme and Cardoso, Jaime S.},
 title = {Diagnostic of Pathology on the Vertebral Column with Embedded Reject Option},
 booktitle = {Proceedings of the 5th Iberian Conference on Pattern Recognition and Image Analysis},
 series = {IbPRIA'11},
 year = {2011},
 isbn = {978-3-642-21256-7},
 location = {Las Palmas de Gran Canaria, Spain},
 pages = {588--595},
 numpages = {8},
 acmid = {2021422},
 publisher = {Springer-Verlag},
 address = {Berlin, Heidelberg},
} 

@INPROCEEDINGS{Sousa2009, 
author={Sousa, R. and Mora, B. and Cardoso, J.S.}, 
booktitle={Machine Learning and Applications, 2009. ICMLA '09. International Conference on}, 
title={An Ordinal Data Method for the Classification with Reject Option}, 
year={2009}, 
pages={746-750},
month={Dec},
}
@inproceedings{Fumera2002a,
        booktitle = {Proceedings of the 1st International Workshop on Pattern Recognition with Support Vector Machines ({SVM}'2002)},
        publisher = {Springer},
        author    = {G. Fumera and F. Roli},
        title     = {Support Vector Machines with Embedded Reject Option},
        pages     = {68--82},
        year      = {2002}
}

@article{niewiadomska2009,
author = {Niewiadomska-Szynkiewicz, Ewa, Marks, Michał},
journal = {International Journal of Applied Mathematics and Computer Science},
keywords = {wireless sensor networks; localization; stochastic optimization; simulated annealing},
language = {eng},
number = {2},
pages = {291-302},
publisher = {University of Zielona Gora Press},
title = {Optimization schemes for wireless sensor network localization},
volume = {19},
year = {2009},
}

@article{Hanczar2008,
  author    = {Blaise Hanczar and
               Edward R. Dougherty},
  title     = {Classification with reject option in gene expression data},
  journal   = {Bioinformatics},
  volume    = {24},
  number    = {17},
  pages     = {1889--1895},
  year      = {2008},
}

@book{Lamberto1983,
   title = "Optimization theory and applications : problems with ordinary differential equations",
   author = "Cesari, Lamberto",
   series = "Applications of mathematics",
   publisher = "Springer-Verlag",
   address = "New York",
   isbn = "3-540-90676-2",
   note = "Includes index",
   year = 1983
}

@Inbook{Gomes2015,
author="Gomes, Jo{\~a}o Paulo P.
and Souza, Amauri H.
and Corona, Francesco
and Neto, Ajalmar R. Rocha",
editor="Arik, Sabri
and Huang, Tingwen
and Lai, Kin Weng
and Liu, Qingshan",
chapter="A Cost Sensitive Minimal Learning Machine for Pattern Classification",
title="Neural Information Processing: 22nd International Conference, ICONIP 2015, Istanbul, Turkey, November 9-12, 2015, Proceedings, Part I",
year="2015",
publisher="Springer International Publishing",
address="Cham",
pages="557--564",
isbn="978-3-319-26532-2",
doi="10.1007/978-3-319-26532-2_61"
}

@Inbook{Mesquita2015,
author="Mesquita, Diego Parente Paiva
and Gomes, Jo{\~a}o Paulo Pordeus
and Junior, Amauri Holanda Souza",
editor="Rojas, Ignacio
and Joya, Gonzalo
and Catala, Andreu",
chapter="Ensemble of Minimal Learning Machines for Pattern Classification",
title="Advances in Computational Intelligence: 13th International Work-Conference on Artificial Neural Networks, IWANN 2015, Palma de Mallorca, Spain, June 10-12, 2015. Proceedings, Part II",
year="2015",
publisher="Springer International Publishing",
address="Cham",
pages="142--152",
isbn="978-3-319-19222-2",
doi="10.1007/978-3-319-19222-2_12"
}

@ARTICLE{Cordella1995, 
author={L. P. Cordella and C. De Stefano and F. Tortorella and M. Vento}, 
journal={IEEE Transactions on Neural Networks}, 
title={A method for improving classification reliability of multilayer perceptrons}, 
year={1995}, 
volume={6}, 
number={5}, 
pages={1140-1147},  
doi={10.1109/72.410358}, 
ISSN={1045-9227}, 
month={Sep},}

@Inbook{Fumera2002a,
author="Fumera, Giorgio
and Roli, Fabio",
editor="Lee, Seong-Whan
and Verri, Alessandro",
chapter="Support Vector Machines with Embedded Reject Option",
title="Pattern Recognition with Support Vector Machines: First International Workshop, SVM 2002 Niagara Falls, Canada, August 10, 2002 Proceedings",
year="2002",
publisher="Springer Berlin Heidelberg",
address="Berlin, Heidelberg",
pages="68--82",
isbn="978-3-540-45665-0",
doi="10.1007/3-540-45665-1_6"
}
@article{RSousaICMLA2009,
author = {Ricardo Sousa and Beatriz Mora and Jaime S. Cardoso},
title = {An Ordinal Data Method for the Classification with Reject Option},
journal ={Machine Learning and Applications, Fourth International Conference on},
volume = {0},
isbn = {978-0-7695-3926-3},
year = {2009},
pages = {746-750},
doi = {http://doi.ieeecomputersociety.org/10.1109/ICMLA.2009.11},
publisher = {IEEE Computer Society},
address = {Los Alamitos, CA, USA},
}

@INPROCEEDINGS{Alencar2015, 
author={A. S. C. Alencar and W. L. Caldas and J. P. P. Gomes and A. H. d. Souza and P. A. C. Aguilar and C. Rodrigues and W. Franco and M. F. d. Castro and R. M. C. Andrade}, 
booktitle={2015 Brazilian Conference on Intelligent Systems (BRACIS)}, 
title={MLM-rank: A Ranking Algorithm Based on the Minimal Learning Machine}, 
year={2015}, 
pages={305-309}, 
doi={10.1109/BRACIS.2015.39}, 
month={Nov},}

@Inbook{Sousa2014,
author="Sousa, Ricardo
and Rocha Neto, Ajalmar R.
and Cardoso, Jaime S.
and Barreto, Guilherme A.",
editor="Wermter, Stefan
and Weber, Cornelius
and Duch, W{\l}odzis{\l}aw
and Honkela, Timo
and Koprinkova-Hristova, Petia
and Magg, Sven
and Palm, G{\"u}nther
and Villa, Alessandro E. P.",
chapter="Classification with Reject Option Using the Self-Organizing Map",
title="Artificial Neural Networks and Machine Learning -- ICANN 2014: 24th International Conference on Artificial Neural Networks, Hamburg, Germany, September 15-19, 2014. Proceedings",
year="2014",
publisher="Springer International Publishing",
address="Cham",
pages="105--112",
isbn="978-3-319-11179-7",
doi="10.1007/978-3-319-11179-7_14",
}

@article{Huang2006,
title = "Extreme learning machine: Theory and applications ",
journal = "Neurocomputing ",
volume = "70",
number = "1–3",
pages = "489 - 501",
year = "2006",
note = "Neural NetworksSelected Papers from the 7th Brazilian Symposium on Neural Networks (SBRN '04)7th Brazilian Symposium on Neural Networks ",
issn = "0925-2312",
author = "Guang-Bin Huang and Qin-Yu Zhu and Chee-Kheong Siew"
}

@article{ishi2000,
  author    = {H. Ishibuchi and M. Nii},
  title     = {Neural networks for soft decision making},
  journal   = {Fuzzy Sets and Systems},
  volume    = {34},
  number    = {115},
  year      = {2000},
  pages     = {121--140}
}


@Inbook{Dalitz2009,
author="C. Dalitz",
chapter="Reject Options and Confidence Measures for kNN Classifiers",
title="Document Image Analysis with the Gamera Framework",
year="2009",
publisher="Shaker Verlag",
pages="16--38",
}

@PhdThesis{Ajalmar2011,
  AUTHOR = {Ajalmar R. da Rocha Neto},
  TITLE = {SINPATCO II: Novas Estratégias de Aprendizado de Máquina para Classificação de Patologias da Coluna Vertebral},
  SCHOOL = {Universidade Federal do Cear\'a},
  type = {Doutorado},
    year      = {2011}
}




@book{cornell1987,
  author = { John A.   Cornell },
  title = {Classical and Modern Regression With Applications},
  journal = {Technometrics},
  volume = {29},
  number = {3},
  pages = {377-378},
  year = {1987},
}

@article{matias2014,
author = "Tiago Matias and Francisco Souza and Rui Araújo and Carlos Henggeler Antunes",
title = "Learning of a single-hidden layer feedforward neural network using an optimized extreme learning machine",
journal = "Neurocomputing ",
volume = "129",
pages = "428 - 436",
year = "2014"
}



@article{metropolis1953,
   author = "Metropolis, Nicholas and Rosenbluth, Arianna W. and Rosenbluth, Marshall N. and Teller, Augusta H. and Teller, Edward",
   title = "Equation of State Calculations by Fast Computing Machines",
   journal = "The Journal of Chemical Physics",
   year = "1953",
   volume = "21",
   number = "6", 
   pages = "1087-1092",
}


@article{vlado1985,
year={1985},
journal={Journal of Optimization Theory and Applications},
volume={45},
number={1},
title={Thermodynamical approach to the traveling salesman problem: An efficient simulation algorithm},
keywords={Traveling salesman problem; Monte Carlo optimization; importance sampling},
author={Černý, V},
pages={41-51},
}


@article{Kirkpatrick1983,
author = {Kirkpatrick, S. and Gelatt, C. D. and Vecchi, M. P.}, 
title = {Optimization by Simulated Annealing},
volume = {220}, 
number = {4598}, 
pages = {671-680}, 
year = {1983}, 
journal = {Science} 
}

@article{eglese1990simulated,
  title={Simulated annealing: a tool for operational research},
  author={Eglese, RW},
  journal={European journal of operational research},
  volume={46},
  number={3},
  pages={271--281},
  year={1990},
  publisher={Elsevier}
}

@incollection{simila2005,
author={Similä, Timo and Tikka, Jarkko},
title={Multiresponse Sparse Regression with Application to Multidimensional Scaling},
booktitle={Artificial Neural Networks: Formal Models and Their Applications – ICANN 2005},
series={Lecture Notes in Computer Science},
publisher={Springer Berlin Heidelberg},
pages={97-102},
volume={3697},
year={2005}
}

@INPROCEEDINGS{lahoz2011,
author={Lahoz, D. and Lacruz, B. and Mateo, P.M.},
booktitle={Hybrid Intelligent Models And Applications (HIMA), 2011 IEEE Workshop On},
title={A bi-objective micro genetic Extreme Learning Machine},
year={2011},
pages={68-75}
}

@INPROCEEDINGS{matias2013,
author={Matias, T. and Araujo, R. and Henggeler Antunes, C. and Gabriel, D.},
booktitle={Emerging Technologies Factory Automation (ETFA), 2013 IEEE 18th Conference on},
title={Genetically optimized extreme learning machine},
year={2013},
pages={1-8}
}

@INPROCEEDINGS{sharma2015,
author={Sharma, Rudranshu and Bist, Ankur Singh},
booktitle={Cognitive Computing and Information Processing (CCIP), 2015 International Conference on},
title={Genetic algorithm based weighted extreme learning machine for binary imbalance learning},
year={2015},
month={March},
pages={1-6}
}


@ARTICLE{jiahua2014, 
author={Jiahua Luo and Chi-Man Vong and Pak-Kin Wong}, 
journal={Neural Networks and Learning Systems, IEEE Transactions on}, 
title={Sparse Bayesian Extreme Learning Machine for Multi-classification}, 
year={2014}, 
month={April}, 
volume={25}, 
number={4}, 
pages={836-843} 
}

@ARTICLE{guorui2009, 
author={Guorui Feng and Guang-Bin Huang and Qingping Lin and Gay, R.}, 
journal={Neural Networks, IEEE Transactions on}, 
title={Error Minimized Extreme Learning Machine With Growth of Hidden Nodes and Incremental Learning}, 
year={2009}, 
month={Aug}, 
volume={20}, 
number={8}, 
pages={1352-1357} 
}

@article{huang2008b,
author = "Guang-Bin Huang and Ming-Bin Li and Lei Chen and Chee-Kheong Siew",
title = "Incremental extreme learning machine with fully complex hidden nodes ",
journal = "Neurocomputing ",
volume = "71",
number = "4–6",
pages = "576 - 583",
year = "2008"
}



@article{huang2008,
author = "Guang-Bin Huang and Lei Chen",
title = "Enhanced random search based incremental extreme learning machine ",
journal = "Neurocomputing ",
volume = "71",
number = "16–18",
pages = "3460 - 3468",
year = "2008"
}

@article{yoan2011,
author = "Yoan Miche and Mark van Heeswijk and Patrick Bas and Olli Simula and Amaury Lendasse",
title = "TROP-ELM: A double-regularized \{ELM\} using \{LARS\} and Tikhonov regularization ",
journal = "Neurocomputing ",
volume = "74",
number = "16",
pages = "2413 - 2421",
year = "2011",
issn = "0925-2312"
}


@ARTICLE{yoan2010,
author={Yoan Miche and Sorjamaa, A. and Bas, P. and Simula, O. and Jutten, C. and Lendasse, A.},
journal={Neural Networks, IEEE Transactions on},
title={OP-ELM: Optimally Pruned Extreme Learning Machine},
year={2010},
month={Jan},
volume={21},
number={1},
pages={158-162}
}

@article{rong2008,
author = "Hai-Jun Rong and Yew-Soon Ong and Ah-Hwee Tan and Zexuan Zhu",
title = "A fast pruned-extreme learning machine for classification problem ",
journal = "Neurocomputing ",
volume = "72",
number = "1–3",
pages = "359 - 366",
year = "2008",
issn = "0925-2312"
}


@article{gestel2004,
author={van Gestel, Tony and Suykens, JohanA.K. and Baesens, Bart and Viaene, Stijn and Vanthienen, Jan and Dedene, Guido and de Moor, Bart and Vandewalle, Joos},
title={Benchmarking Least Squares Support Vector Machine Classifiers},
journal={Machine Learning},
volume={54},
number={1},
year={2004},
pages={5-32},
}


@Book{suykens2002fslssvm,
  author =   {J. A. K. Suykens, T. Van Gestel, J. De Brabanter, B. De Moor, J. Vandewalle},
  ALTeditor =    {World Scientific Pub. Co.},
  title =    {Least Squares Support Vector Machines (ISBN 981-238-151-1)},
  publisher =    {Publisher},
  year =   {2002},
}

@Article{lu2003,
  author =   {Lu C. and Van Gestel T. and Suykens J.A.K. and Van Huffel S. and Vergote I. and Timmerman D.},
  title =    {Preoperative prediction of malignancy of ovarium tumor using least squares support vector machines},
  journal =  {Artificial Intelligence in Medicine},
  year =   {2003},
  volume =   {28},
  number =   {3},
  pages =    {281--306}
}

@incollection{dubois2013,
author={Jeremie Dubois-Lacoste and Manuel Lopez-Ibanez and Thomas Stutzle},
title={Combining Two Search Paradigms for Multi-objective Optimization: Two-Phase and Pareto Local Search},
year={2013},
booktitle={Hybrid Metaheuristics},
volume={434},
pages={97-117}
}

@incollection{padilha2012,
author={C. Padilha, Adri�oD�ria Neto , J. Melo},
title={Random Subspace Method and Genetic Algorithm Applied to a LS-SVM Ensemble},
year={2012},
booktitle={Artificial Neural Networks and Machine Learning � ICANN 2012},
volume={7553},
series={Lecture Notes in Computer Science},
pages={164-171}
}


@article{shaojiang2013,
author = "Shaojiang Dong and Tianhong Luo",
title = "Bearing degradation process prediction based on the {PCA} and optimized {LS-SVM} model ",
journal = "Measurement ",
volume = "46",
number = "9",
pages = "3143 - 3152",
year = "2013" 
}

@INPROCEEDINGS{mousavi2011, 
author={Mousavi, S.M. and Iranmanesh, S.H.}, 
booktitle={Communication Software and Networks (ICCSN), 2011 IEEE 3rd International Conference on}, 
title={Least squares support vector machines with genetic algorithm for estimating costs in NPD projects}, 
year={2011}, 
month={May}, 
pages={127-131}, 
keywords={costing;genetic algorithms;least squares approximations;product development;project management;support vector machines;LS-SVM;NPD projects;cost estimation;estimation error;generalization capability;genetic algorithm;least square support vector machines;new product development;Computational modeling;Load modeling;Predictive models;Programming;Software;New product development;cost estimation;genetic algorithm;least squares support vector machine}, 
doi={10.1109/ICCSN.2011.6014864},}

@article{dosSantos2012,
author = "Glauber Souto dos Santos and Luiz Guilherme Justi Luvizotto and Viviana Cocco Mariani and Leandro dos Santos Coelho",
title = "Least squares support vector machines with tuning based on chaotic differential evolution approach applied to the identification of a thermal process ",
journal = "Expert Systems with Applications ",
volume = "39",
number = "5",
pages = "4805 - 4812",
year = "2012"
}


@article{ren2010,
  title={Determination of optimal SVM parameters by using GA/PSO},
  author={Ren, Yuan and Bai, Guangchen},
  journal={Journal of Computers},
  volume={5},
  number={8},
  pages={1160--1168},
  year={2010}
}

@article{aydin2011multi,
  title={A multi-objective artificial immune algorithm for parameter optimization in support vector machine},
  author={Aydin, Ilhan and Karakose, Mehmet and Akin, Erhan},
  journal={Applied Soft Computing},
  volume={11},
  number={1},
  pages={120--129},
  year={2011},
  publisher={Elsevier}
}

@article{xiaoLi2010,
author = "XiaoLi Zhang and XueFeng Chen and ZhengJia He",
title = "An ACO-based algorithm for parameter optimization of support vector machines ",
journal = "Expert Systems with Applications ",
volume = "37",
number = "9",
pages = "6618 - 6628",
year = "2010"
}



@article{jian2011,
author = "Jian Huang and Xiaoguang Hu and Fan Yang",
title = "Support vector machine with genetic algorithm for machinery fault diagnosis of high voltage circuit breaker ",
journal = "Measurement ",
volume = "44",
number = "6",
pages = "1018 - 1027",
year = "2011"
}

@ARTICLE{leung2003, 
author={Leung, F. H F and Lam, H.K. and Ling, S.H. and Tam, P.K.-S.}, 
journal={Neural Networks, IEEE Transactions on}, 
title={Tuning of the structure and parameters of a neural network using an improved genetic algorithm}, 
year={2003}, 
month={Jan}, 
volume={14}, 
number={1}, 
pages={79-88}
}


@article{alvarez2012,
author = "Daniel Alvarez and Roberto Hornero and J. Victor Marcos and Felix del Campo",
title = "Feature selection from nocturnal oximetry using genetic algorithms to assist in obstructive sleep apnoea diagnosis",
journal = "Medical Engineering \& Physics",
volume = "34",
number = "8",
pages = "1049 - 1057",
year = "2012"
}



@incollection{farago2014,
author={P. Farag\'{o} and C. Farag\'{o} and S. Hintea and M. C\^{i}rlugea},
title={An Evolutionary Multi-objective Optimization Approach to Design the Sound Processor of a Hearing Aid},
booktitle={International Conference on Advancements of Medicine and Health Care through Technology},
volume={44},
year={2014},
pages={181-186}
}


@ARTICLE{jauhari2014, 
author={Jauhari, S. and Rizvi, S.AM.}, 
journal={Computational Biology and Bioinformatics, IEEE/ACM Transactions on}, 
title={Mining Gene Expression Data Focusing Cancer Therapeutics: A Digest}, 
year={2014},  
volume={11}, 
number={3}, 
pages={533-547} 
}

@incollection{dubois2013,
author={Dubois-Lacoste, J�r�mie and L�pez-Ib��ez, Manuel and St�tzle, Thomas},
title={Combining Two Search Paradigms for Multi-objective Optimization: Two-Phase and Pareto Local Search},
year={2013},
booktitle={Hybrid Metaheuristics},
volume={434},
series={Studies in Computational Intelligence},
pages={97-117}
}

@ARTICLE{Lean2009,
author={Lean Yu and Huanhuan Chen and Shouyang Wang and Kin Keung Lai},
journal={IEEE Trans. on Evolutionary Computation},
title={Evolving Least Squares {SVM} for Stock Market Trend Mining},
year={2009},
volume={13},
number={1},
pages={87-102}
}

@ARTICLE{mustafa2012,
author={Mustafa, M.W. and Sulaiman, M.H. and Shareef, H. and Khalid, S.N.A.},
journal={ IET Generation, Transmission \& Distribution},
title={Reactive power tracing in pool-based power system utilising the hybrid genetic algorithm and least squares {SVM}},
year={2012},
volume={6},
number={2},
pages={133-141}
}

@Book{egan1975,
  author =   {J.P. Egan},
  editor =   {Editor},
  title   =    {Signal Detection Theory and ROC Analysis},
  publisher =    {Academic Press},
  address = {New York},
  year =   {1975}
}

@misc{jgap,
  author =   {K. Melffert and N. Rotstan},
  title =    {{JGAP} - {J}ava {G}enetic {A}lgorithms {P}ackage},
  howpublished = {http://jgap.sourceforge.net/}
}

@INPROCEEDINGS{valyon2004,
author={Valyon, J. and Horvath, G.},
booktitle={Proceedings of IEEE International Joint Conference on Neural Networks, 2004. }, 
title={A sparse least squares support vector machine classifier},
year={2004},
volume={1},
pages={-548},
}

@INPROCEEDINGS{yu2003, 
 author    = {H. Yu and J. Yang and J. Han}, 
 booktitle = {Proceedings of the 9th {ACM SIGKDD} International Conference on Knowledge Discovery and Data Mining ({KDD}'03)}, 
 title     = {Classifying large data sets using {SVM} with hierarchical clusters}, 
 year      = {2003},
 pages     = {306--315}
} 

@InCollection{kohonen2003,
 author    = {T. Kohonen},
 title     = {Learning Vector Quantization},
 booktitle = {The Handbook of Brain Theory and Neural Networks},
 pages     = {631--635},
 publisher = {MIT Press},
 year      = {2003},
 editor    = {M. A. Arbib}
}


@INPROCEEDINGS{balczar2001, 
 author    = {J. L. Balczar and Y. Dai and O. Watanabe}, 
 title     = {A random sampling technique for training support vector machines}, 
 booktitle = {Proceedings of the 12th International Conference on Algorithmic Learning Theory ({ALT}'01)}, 
 year      = {2001},
 pages     = {119--134}
}

@article{carletta1996, 
 author  = {J. Carletta}, 
 title   = {Assessing agreement on classification tasks: The kappa statistic.}, 
 journal = {Computational Linguistics}, 
 volume  = {22},
 number  = {2},
 pages   = {249�-254},
 year    = {1996}
}

@article{cohen1960, 
 author  = {J. A. Cohen}, 
 title   = {Coefficient of agreement for nominal scales}, 
 journal = {Educational and Psychological Measurement}, 
 volume  = {20},
 number  = {1},
 pages   = {37�-46},
 year    = {1960}
}

@article{tong2001, 
 author  = {S. Tong and D. Koller}, 
 title   = {Support vector machine active learning with applications to text classification}, 
 journal = {Journal of Machine Learning Research}, 
 volume  = {2},
 pages   = {45--66},
 year    = {2001}
}

@INPROCEEDINGS{jin2006, 
 author    = {B. Jin and Y.-Q. Zhang}, 
 title     = {Classifying Very Large Data Sets with Minimum Enclosing Ball Based Support Vector Machine}, 
 booktitle = {Proceedings of 2006 IEEE International Conference on Fuzzy Systems}, 
 year      = {2006},
 pages     = {364--368}
}

@INPROCEEDINGS{xiong2005, 
 author    = {S.-W. Xiong and X.-X. Niu and H.-B. Liu}, 
 title     = {Support vector machines based on substractive clustering}, 
 booktitle = {Proceedings of 2005 International Conference on Machine Learning and Cybernetics}, 
 year      = {2005},
 volume    = {7},
 pages     = {4345--4350}
}

@ARTICLE{pedreira2006,
 author   = {C. E. Pedreira},
 journal  = {IEEE Transactions on Pattern Analysis and Machine Intelligence}, 
 title    = {Learning Vector Quantization with Training Data Selection},
 year     = {2006},
 volume   = {28},
 number   = {1},
 pages    = {157--162}
}

@ARTICLE{pedreira2009,
 author   = {R.T. Peres and C. E. Pedreira},
 journal  = {IEEE Transactions on Pattern Analysis and Machine Intelligence}, 
 title    = {Generalized Risk Zone: Selecting Observations for Classification},
 year     = {2009},
 volume   = {31},
 number   = {7},
 pages    = {1331--1337}
}

@Book{nisbet2009,
 title     = {Handbook of Statistical Analysis \& Data Mining Applications},
 publisher = {Academic Press},
 year      = {2009},
 author    = {R. Nisbet and J. Elder and G. Miner}
}

@INPROCEEDINGS{linda2009, 
 author    = {O. Linda and M. Manic}, 
 booktitle = {Proceedings of the IEEE International Joint Conference on Neural Networks ({IJCNN}'2009)}, 
 title     = {{GNG-SVM} framework - Classifying Large Datasets with Support Vector Machines using Growing Neural Gas}, 
 year      = {2009}, 
 pages     = {1820--1826}
} 

@ARTICLE{geebelen2012,
 author   = {D. Geebelen and J. A. K. Suykens and J. Vandewalle},
 journal  = {IEEE Transactions on Neural Networks and Learning Systems}, 
 title    = {Reducing the Number of Support Vectors of {SVM} Classifiers Using the Smoothed Separable Case Approximation},
 year     = {2012},
 volume   = {23},
 number   = {4},
 pages    = {682--688}
}

@ARTICLE{thies2004,
 author   = {T. Thies and F. Weber},
 journal  = {Neural Computation}, 
 title    = {Optimal Reduced-Set Vectors for Support Vector Machines with a Quadratic Kernel},
 year     = {2004},
 volume   = {16},
 number   = {9},
 pages    = {1769--1777}
}


@ARTICLE{kogga2004,
 author   = {R. Koggalage and S. Halgamuge},
 journal  = {Neural Information Processing - Letters and Reviews}, 
 title    = {Reducing the Number of Training Samples for Fast Support Vector Machine Classification},
 year     = {2004},
 volume   = {2},
 number   = {3},
 pages    = {57--65}
}

 
@inproceedings{nguyen2010,
  author    = {G. H. Nguyen and S. Phung and A. Bouzerdoum},
  title     = {Efficient {SVM} training with reduced weighted samples},
  booktitle = {Proceedings of the 2010 IEEE World Congress on Computational Intelligence ({WCCI}'2010)},
  year      = {2010},
  pages     = {1764--1768}
}

@inproceedings{suykens2000b,
  author    = {J. A. K. Suykens and L. Lukas and J. Vandewalle},
  title     = {Sparse Least Squares Support Vector Machine Classifiers},
  booktitle = {Proceedings of the 8th European Symposium on Artificial Neural Networks ({ESANN}'00)},
  year      = {2000},
  pages     = {37--42}
}

@inproceedings{blachnik2011,
 author    = {M. Blachnik and M. Kordos},
 title     = {Simplifying {SVM} with weighted {LVQ} algorithm},
 booktitle = {Proceedings of the 12th International Conference on Intelligent Data Engineering and Automated Learning ({IDEAL}'2011},
 year      = {2011},
 pages     = {212--219},
 publisher = {Springer}
} 

@inproceedings{fung2001,
author    = "G. Fung and O. L. Mangasarian",
title     = "Proximal Support Vector Machine Classifiers",
editor    = "F. Provost and R. Srikant",
booktitle = "Proceedings of the 7th {ACM} {SIGKDD} International Conference on Knowledge Discovery and Data Mining ({KDD}'01)",
year      = "2001",
pages     = "77--86"
}

@InProceedings{mangasarian2000gsv,
  author    = {O. L. Mangasarian},
  title     = {Generalized Support Vector Machines},
  booktitle = {Advances in Large Margin Classifiers},
  pages     = {135--146},
  year      = {2000},
  editor    = {A. J. Smola, P. Bartlett, B. Sch\"{o}lkopf and D. Schuurmans},
  publisher = {MIT Press}
}


@InCollection{wang2007,
 author    = {J. Wang and P. Neskovic and L. N. Cooper},
 title     = {Selecting Data for Fast Support Vector Machines Training},
 booktitle = {Trends in Neural Computation},
 series    = {Studies in Computational Intelligence ({SCI})},
 pages     = {61--84},
 publisher = {Springer},
 year      = {2007},
 editor    = {K. Shen and L. Wang},
 volume    = {35}
}


@Article{Lee2001ass,
  author =   {Y.-J. Lee and O. L. Mangasarian},
  title =    {{SSVM}: A Smooth Support Vector Machine for Classification},
  journal =    {Computational Optimization and Applications},
  year =   {2001},
  volume =   {20},
  number =   {1},
  pages =  {5--22}
}

@inproceedings{lee2001rsv,
    author      = "Y.-J. Lee and O. L. Mangasarian",
    title       = "{RSVM}: Reduced Support Vector Machines",
    booktitle   = "Proceedings of the 1st {SIAM} International Conference on Data Mining",
    month       = "April",
    year        = "2001",
    note        = "ftp://ftp.cs.wisc.edu/pub/dmi/tech-reports/00-07.ps"
}

@InProceedings{burges1996,
  author =       "C. J. C. Burges",
  title =        "Simplified support vector decision rules",
  booktitle =    "Proceedings of the 13th International Conference on Machine Learning ({ICML}'96)",
  publisher =    "Morgan Kaufmann",
  year =         "1996",
  pages =        "71--77"
}

@InBook{scholkopf2002,
  author    = "B. Sch{\"o}lkopf and A. J. Smola",
  title     = "Learning with kernels: Support Vector Machines, Regulation, Optimization, and Beyond.",
  publisher = "MIT Press",
  chapter   = "18",
  address   = "Cambridge MA",
  year      = "2002"
}

@article{scholkopf1999isv,
  author  =  {B. Sch{\"o}lkopf and S. Mika and C.J.C. Burges and P. Knirsch and K.-R. M{\"u}ller and G. R{\"a}tsch and A. J. Smola},
  title   =  {Input Space Versus Feature Space in Kernel-Based Methods},
  journal   =  {IEEE Transactions on Neural Networks},
  volume  =  {10},
  number  =  {5},
  year    =  {1999},
  pages   =  {1000--1017}
}


@InCollection{fritzke95,
  author    = "B. Fritzke",
  title     = "A growing neural gas network learns topologies",
  booktitle = "Advances in Neural Information Processing Systems 7",
  publisher = "MIT Press",
  pages     = "625--632",
  address   = "Cambridge MA",
  year      = "1995"
}

@article{steinwart2003,
 author  = {I. Steinwart},
 title   = {Sparseness of support vector machines},
 journal = {Journal of Machine Learning Research},
 volume  = {4},
 year    = {2003},
 pages   = {1071--1105}
}

@article{carvalho2009,
 author  = {B. P. R. Carvalho and A. P. Braga},
 title   = {{IP-LSSVM}: A two-step sparse classifier},
 journal = {Pattern Recognition Letters},
 volume  = {30},
 issue   = {16},
 year    = {2009},
 pages   = {1507--1515}
}

@article{amorim2012,
 author  = {R. C. Amorim and B. Mirkin},
 title   = {Minkowski metric, feature weighting and anomalous cluster initializing in {K-Means} clustering},
 journal = {Pattern Recognition},
 volume  = {45},
 issue   = {3},
 year    = {2012},
 pages   = {1061--1075}
}

@Article{kohonenIEEE90,
  author   = {T. Kohonen},
  title    = {The Self-Organizing Map},
  journal  = {Proceedings of the {IEEE}},
  year     = {1990},
  volume   = {78},
  number   = {9},
  pages    = {1464--1480}
}

@ARTICLE{girolami2002,
author   = {M. Girolami},
journal  = {IEEE Transactions on Neural Networks}, 
title    = {Mercer Kernel-Based Clustering in Feature Space},
year     = {2002},
volume   = {13},
number   = {3},
pages    = {780--784}
}

@ARTICLE{kanugo2002,
author   = {T. Kanungo and D. M. Mount and N. S. Netanyahu and C. D. Piatko and R. Silverman and A. Y. Wu},
journal  = {IEEE Transactions on Pattern Analysis and Machine Intelligence}, 
title    = {An efficient k-means clustering algorithm: Analysis and implementation},
year     = {2002},
volume   = {24},
number   = {7},
pages    = {881--892}
}

@ARTICLE{ajalmar2009,
author   = {A. R. {Rocha Neto} and G. A. Barreto},
journal  = {IEEE Latin America Transactions}, 
title    = {On the Application of Ensembles of Classifiers to the Diagnosis of Pathologies of the Vertebral Column: A Comparative Analysis},
year     = {2009},
volume   = {7},
number   = {4},
pages    = {487--496}
}

@article{ajalmar2013,
title={Opposite Maps: Vector Quantization Algorithms for Building Reduced-Set SVM and LSSVM Classifiers},
author={Rocha Neto, Ajalmar and Barreto, Guilherme A.},
journal={Neural Processing Letters},
volume={37},
number={1},
year={2013},
pages={3-19}
}
@InProceedings{macqueen1967,
 author    = {J. B. {MacQueen}},
 title     = {Some Methods for classification and Analysis of Multivariate Observations},
 booktitle = {Proceedings of 5th Berkeley Symposium on Mathematical Statistics and Probability},
 pages     = {281--297},
 year      = {1967},
 volume    = {1},
 publisher = {University of California Press}
}

@InProceedings{damato2004,
 author    = {L. {D'Amato} and J. A. Moreno and R. Mujica},
 title     = {Reducing the Complexity of Kernel Machines with Neural Growing Gas in Feature Space},
 booktitle = {Proceedings of the IX Ibero-American Artificial Intelligence Conference ({IBERAMIA}'04)},
 pages     = {799-808},
 year      = {2004},
 volume    = {{LNAI}-3315},
 publisher = {Springer}
}


@inproceedings{hoegaerts2004,
  author    = {L. Hoegaerts and J. A. K. Suykens and J. Vandewalle and B. {De Moor}},
  title     = {A comparison of pruning algorithms for sparse least squares support vector machines},
  booktitle   = {Proceedings of the 11th International Conference on Neural Information Processing ({ICONIP}'04)},
  year    = {2004},
  pages     = {22--25}
}

@inproceedings{suykens2000,
  author    = {J. A. K. Suykens and L. Lukas and J. Vandewalle},
  title     = {Sparse approximation using least squares support vector machines},
  booktitle   = {Proceedings of 2000 IEEE International Symposium on Circuits and Systems},
  year    = {2000},
  pages     = {757--760},
  address   = {Geneva, Switzerland},
}

@article{li2006,
 author   = {Y. Li and C. Lin and W. Zhang},
 title    = {Improved sparse least-squares support vector machine classifiers},
 journal  = {Neurocomputing},
 volume   = {69},
 issue    = {13-15},
 year     = {2006},
 pages    = {1655--1658},
} 



@article{downs2002,
 author   = {T. Downs and K. E. Gates and A. Masters},
 title    = {Exact simplification of support vector solutions},
 journal  = {Journal of Machine Learning Research},
 volume   = {2},
 year     = {2002},
 pages    = {293--297}
} 


@inproceedings{tang2006,
  author    = {B. Tang and D. Mazzoni},
  title     = {Multiclass reduced-set support vector machines},
  booktitle   = {Proceedings of the 23rd International Conference on Machine Learning ({ICML}'2006)},
  year    = {2006},
  pages     = {921--928}
} 


@inproceedings{hussain2008, 
  author    = "A. Hussain and S. Shahbudin and H. Husain and S. A. Samad and N. M. Tahir", 
  title   = "Reduced set support vector machines: Application for 2-dimensional datasets", 
  booktitle   = "Proceedings of the 2nd International Conference on Signal Processing and Communication Systems ({ICSPCS}'08)", 
  pages           = "1--4",
  year    = "2008"
}

@book{cristianini2000,
 author   = {N. Cristianini and J. Shawe-Taylor},
 title    = {An introduction to support vector machines: and other kernel-based learning methods},
 year     = {2000},
 publisher  = {Cambridge University Press},
 address  = {New York, NY, USA},
} 


@Article{suykens1999,
  author =   {J. A. K. Suykens and J. Vandewalle},
  title =  {Least squares support vector machine classifiers},
  journal =  {Neural Processing Letters},
  year =   {1999},
  volume =   {9},
  number =   {3},
  pages =  {293--300}
}


@Book{vapnik1998,
  author  =   "V.~N.~Vapnik",
  title   = "Statistical Learning Theory",
  publisher     = "Wiley-Interscience",
  year    =   "1998"
}


@Book{vapnik1995,
  author  =   "V.~N.~Vapnik",
  title   = "The Nature of Statistical Learning Theory",
  publisher     = "Springer",
  year    =   "1995",
  address   =   "New York"
}


@inproceedings{mercer1909,
  author    = {J. Mercer},
  title     = {Functions of positive and negative types and their connection with the theory of integral equations},
  year      = {1909},
  booktitle     = {Transactions of the London Philosophical Society},
  volume    = {A},
  number    = {415--446},
  series    = {209}
}

@Book{kohonen1997,
  author  =    {T. K. Kohonen},
  title   =    {Self-Organizing Maps},
  publisher   =    {Springer},
  year    =    {1997},
}

@incollection{platt1999,
  Author    = {J. C. Platt},
  Title     = {Fast training of support vector machines using sequential minimal optimization},
  Booktitle   = {Advances in Kernel Methods - Support Vector Learning},
  Journal   = {Advances in Kernel Methods - Support Vector Learning},
  Publisher   = {MIT Press},
  Address   = {Cambridge, MA, USA},
  Year    = {1999}
}

@inproceedings{li2005,
  title     = {Mining risk patterns in medical data},
  author    = {Li, J. and Fu, A.W. and He, H. and Chen, J. and Jin, H. and McAullay, D. and Williams, G. and Sparks, R. and Kelman, C.},
  booktitle   = {Proceedings of the 11th ACM SIGKDD International Conference on Knowledge Discovery in Data Mining},
  pages     = {770--775},
  year      = {2005},
  organization  = {ACM}
}

@article{kaur2006,
  title     = {Empirical study on applications of data mining techniques in healthcare},
  author    = {Kaur, H. and Wasan, S.K.},
  journal   = {Journal of Computer Science},
  volume    = {2},
  number    = {2},
  pages     = {194--200},
  year      = {2006}
}

@article{dreau2001,
  title     = {Identification of patients at high cardiovascular risk: a critical appraisal of applicability of statistical risk prediction models},
  author    = {Dr\'eau, H. and Colombet, I. and Degoulet, P. and Chatellier, G. and others},
  journal   = {Methods of Information in Medicine},
  volume    = {40},
  number    = {1},
  pages     = {6--11},
  year      = {2001},
  publisher   = {Stuttgart FK Schattauer}
}

@inproceedings{chen2005,
  title     = {Representing association classification rules mined from health data},
  author    = {Chen, J. and He, H. and Li, J. and Jin, H. and McAullay, D. and Williams, G. and Sparks, R. and Kelman, C.},
  booktitle   = {Knowledge-Based Intelligent Information and Engineering Systems},
  pages     = {173--173},
  year      = {2005},
  organization  = {Springer}
}

@article{andersson2011,
  title     = {Prediction of Severe Acute Pancreatitis at Admission to Hospital Using Artificial Neural Networks},
  author    = {Andersson, B. and Andersson, R. and Ohlsson, M. and Nilsson, J.},
  journal   = {Pancreatology},
  volume    = {11},
  number    = {3},
  pages     = {328--335},
  year      = {2011},
  publisher   = {Karger Publishers}
}

@article{spencer2011,
  title     = {Using Genetic Variation and Environmental Risk Factor Data to Identify Individuals at High Risk for Age-Related Macular Degeneration},
  author    = {Spencer, K.L. and Olson, L.M. and Schnetz-Boutaud, N. and Gallins, P. and Agarwal, A. and Iannaccone, A. and Kritchevsky, S.B. and Garcia, M. and Nalls, M.A. and Newman, A.B. and others},
  journal   = {PloS one},
  volume    = {6},
  number    = {3},
  year      = {2011},
  publisher   = {Public Library of Science}
}

@article{eagle2010,
  title   = {Identifying patients at high risk of a cardiovascular event in the near future},
  author  = {Eagle, K.A. and Ginsburg, G.S. and Musunuru, K. and Aird, W.C. and Balaban, R.S. and Bennett, S.K. and Blumenthal, R.S. and Coughlin, S.R. and Davidson, K.W. and Frohlich, E.D. and others},
  journal = {Circulation},
  volume  = {121},
  number  = {12},
  pages   = {1447--1454},
  year    = {2010},
  publisher = {Am Heart Assoc}
}

@article{ayer2010,
  title   = {Comparison of Logistic Regression and Artificial Neural Network Models in Breast Cancer Risk Estimation1},
  author  = {Ayer, T. and Chhatwal, J. and Alagoz, O. and Kahn Jr, C.E. and Woods, R.W. and Burnside, E.S.},
  journal = {Radiographics},
  volume  = {30},
  number  = {1},
  pages   = {13--22},
  year    = {2010},
  publisher = {Radiological Society of North America}
}

@book{duncan2011,
  title   = {Healthcare Risk Adjustment and Predictive Modeling},
  author  = {Duncan, I.},
  year    = {2011},
  publisher = {ACTEX Publications, Inc.}
}

@book{haykin2009,
  title   = {Neural networks and learning machines},
  author  = {Haykin, S.S.},
  edition = {3},
  year    = {2009},
  publisher = {Prentice Hall}
}

@inproceedings{van2007,
  title     = {Experimental perspectives on learning from imbalanced data},
  author    = {Van Hulse, J. and Khoshgoftaar, T.M. and Napolitano, A.},
  booktitle   = {Proceedings of the 24th international conference on Machine Learning},
  pages     = {935--942},
  year      = {2007},
  organization  = {ACM}
}

@article{berger2010,
  title   = {Screening for cardiovascular risk in asymptomatic patients},
  author  = {Berger, J.S. and Jordan, C.O. and Lloyd-Jones, D. and Blumenthal, R.S.},
  journal = {Journal of the American College of Cardiology},
  volume  = {55},
  number  = {12},
  pages   = {1169--1177},
  year    = {2010},
  publisher = {Elsevier}
}

@misc{brasil2006,
  title   = {Hipertens\~ao arterial sist\^emica para o Sistema \'Unico de Sa\'ude},
  author  = {Brasil},
  year    = {2006},
  note = {{Minist\'erio da Sa\'ude}, Secretaria de Aten\c{c}\~ao \`a Sa\'ude, Departamento de Aten\c{c}\~ao B\'asica}
}

@ARTICLE{shynk1990,
  AUTHOR  = {J. J. Shynk},
  TITLE   = {Performance surfaces of a single-layer Perceptron},
  JOURNAL = {IEEE Transactions on Neural Networks},
  YEAR    = {1990},
  volume  = {1},
  number  = {3},
  pages   = {268--274} 
}


@Article{rosen1958,
  author   = {F. Rosenblatt},
  title    = {The Perceptron: A Probabilistic Model for Information Storage and Organization in the Brain},
  journal  = {Psychological Review},
  year     = {1958},
  volume   = {65},
  number   = {6},
  pages    = {386--408}
}


@article{LMS2005,
  author    = {B. Widrow},
  title     = {Thinking About Thinking: The Discovery of the {LMS} Algorithm},
  journal   = {IEEE Signal Processing Magazine},
  year      = {2005},
  volume    = {22},
  number    = {1},
  pages     = {100--106}
}


@Article{lendasse2010,
  author   = {Y. Miche and A. Sorjamaa and P. Bas and O. Simula and C. Jutten and A. Lendasse},
  title    = {{OP-ELM}: Optimally Pruned Extreme Learning Machine},
  journal  = {IEEE Transactions on Neural Networks},
  year     = {2010},
  volume   = {21},
  number   = {1},
  pages    = {158--162}
}

@article{huang2006,
  title={Extreme learning machine: theory and applications},
  author={Huang, Guang-Bin and Zhu, Qin-Yu and Siew, Chee-Kheong},
  journal={Neurocomputing},
  volume={70},
  number={1},
  pages={489--501},
  year={2006},
  publisher={Elsevier}
}

% Referências dos testes estatísticos
@article{demvsar2006,
  title={Statistical comparisons of classifiers over multiple data sets},
  author={Dem{\v{s}}ar, Janez},
  journal={The Journal of Machine Learning Research},
  volume={7},
  pages={1--30},
  year={2006},
  publisher={JMLR. org}
}
@article{iman1980,
  title={Approximations of the critical region of the fbietkan statistic},
  author={Iman, Ronald L and Davenport, James M},
  journal={Communications in Statistics-Theory and Methods},
  volume={9},
  number={6},
  pages={571--595},
  year={1980},
  publisher={Taylor \& Francis}
}
@book{neter1996,
  title={Applied linear statistical models},
  author={Neter, John and Kutner, Michael H and Nachtsheim, Christopher J and Wasserman, William},
  volume={4},
  year={1996},
  publisher={Irwin Chicago}
}
@book{milliken2009,
  title={Analysis of messy data volume 1: designed experiments},
  author={Milliken, George A and Johnson, Dallas E},
  volume={1},
  year={2009},
  publisher={CRC Press}
}

@article{myers2000,
  title={Classical and modern regression with applications (Duxbury Classic)},
  author={Myers, Raymond H},
  journal={Duxbury Press, Pacific Grove},
  year={2000}
}


@article{demsar2006,
  title={Statistical comparisons of classifiers over multiple data sets},
  author={Dem{\v{s}}ar, Janez},
  journal={The Journal of Machine Learning Research},
  volume={7},
  pages={1-30},
  year={2006},
  publisher={JMLR. org}
}

@misc{lichman2013,
  author = "M. Lichman",
  year = "2013",
  title = "{UCI} Machine Learning Repository",
  institution = "University of California, Irvine, School of Information and Computer Sciences"
}



@inproceedings{jaakkola1999,
  author    = {Tommi S. Jaakkola and
               Mark Diekhans and
               David Haussler},
  title     = {Using the Fisher Kernel Method to Detect Remote Protein Homologies},
  booktitle = {Proceedings of the Seventh International Conference on Intelligent
               Systems for Molecular Biology, August 6-10, 1999, Heidelberg, Germany},
  pages     = {149--158},
  year      = {1999},
  crossref  = {DBLP:conf/ismb/1999},
  url       = {http://www.aaai.org/Library/ISMB/1999/ismb99-018.php},
  timestamp = {Fri, 15 May 2015 13:53:13 +0200},
  biburl    = {http://dblp2.uni-trier.de/rec/bib/conf/ismb/JaakkolaDH99},
  bibsource = {dblp computer science bibliography, http://dblp.org}
}

@proceedings{DBLP:conf/ismb/1999,
  editor    = {Thomas Lengauer and
               Reinhard Schneider and
               Peer Bork and
               Douglas L. Brutlag and
               Janice I. Glasgow and
               Hans{-}Werner Mewes and
               Ralf Zimmer},
  title     = {Proceedings of the Seventh International Conference on Intelligent
               Systems for Molecular Biology, August 6-10, 1999, Heidelberg, Germany},
  publisher = {{AAAI}},
  year      = {1999},
  isbn      = {1-57735-083-9},
  timestamp = {Mon, 24 Jun 2013 09:48:15 +0200},
  biburl    = {http://dblp2.uni-trier.de/rec/bib/conf/ismb/1999},
  bibsource = {dblp computer science bibliography, http://dblp.org}
}




@article{myers2000,
  title={Classical and modern regression with applications (Duxbury Classic)},
  author={Myers, Raymond H},
  journal={Duxbury Press, Pacific Grove},
  year={2000}
}

@article{miche2010,
  author    = {Yoan Miche and
               Antti Sorjamaa and
               Patrick Bas and
               Olli Simula and
               Christian Jutten and
               Amaury Lendasse},
  title     = {{OP-ELM:} optimally pruned extreme learning machine},
  journal   = {{IEEE} Trans. Neural Networks},
  volume    = {21},
  number    = {1},
  pages     = {158--162},
  year      = {2010},
  url       = {http://dx.doi.org/10.1109/TNN.2009.2036259},
  doi       = {10.1109/TNN.2009.2036259},
  timestamp = {Wed, 09 Mar 2016 15:41:04 +0100},
  biburl    = {http://dblp.uni-trier.de/rec/bib/journals/tnn/MicheSBSJL10},
  bibsource = {dblp computer science bibliography, http://dblp.org}
}



@article{mesquita2017,
  author="Mesquita, Diego P. P.
  and Gomes, Jo{\~a}o P. P.
  and Souza Junior, Amauri H.",
  title="Ensemble of Efficient Minimal Learning Machines for Classification and Regression",
  journal="Neural Processing Letters",
  year="2017",
  pages="1--16",
  abstract="Minimal Learning Machine (MLM) is a recently proposed supervised learning algorithm with performance comparable to most state-of-the-art machine learning methods. In this work, we propose ensemble methods for classification and regression using MLMs. The goal of ensemble strategies is to produce more robust and accurate models when compared to a single classifier or regression model. Despite its successful application, MLM employs a computationally intensive optimization problem as part of its test procedure (out-of-sample data estimation). This becomes even more noticeable in the context of ensemble learning, where multiple models are used. Aiming to provide fast alternatives to the standard MLM, we also propose the Nearest Neighbor Minimal Learning Machine and the Cubic Equation Minimal Learning Machine to cope with classification and single-output regression problems, respectively. The experimental assessment conducted on real-world datasets reports that ensemble of fast MLMs perform comparably or superiorly to reference machine learning algorithms.",
  issn="1573-773X",
  doi="10.1007/s11063-017-9587-5",
  url="http://dx.doi.org/10.1007/s11063-017-9587-5"
}
@article{junior2015,
  author    = {Amauri Holanda de Souza{ }Junior and
               Francesco Corona and
               Guilherme De A. Barreto and
               Yoan Mich{\'{e}} and
               Amaury Lendasse},
  title     = {Minimal Learning Machine: {A} novel supervised distance-based approach
               for regression and classification},
  journal   = {Neurocomputing},
  volume    = {164},
  pages     = {34--44},
  year      = {2015},
  url       = {http://dx.doi.org/10.1016/j.neucom.2014.11.073},
  doi       = {10.1016/j.neucom.2014.11.073},
  timestamp = {Thu, 28 May 2015 10:14:38 +0200},
  biburl    = {http://dblp.uni-trier.de/rec/bib/journals/ijon/JuniorCBML15},
  bibsource = {dblp computer science bibliography, http://dblp.org}
}